@inproceedings{ software-transplantation,
    author      = {Earl T. Barr and Mark Harman and Yue Jia and Alexandru Marginean and Justyna Petke},
    title       = {Automated Software Transplantation},
    booktitle   = {ISSTA 2015 Proceedings of the 2015 International Symposium on Software Testing and Analysis},
    year        = {2015},
    pages       = {257-269},
    langid      = {english}
}

@inproceedings{ anti-plagiat,
    author      = {А. И. Логинов},
    booktitle   = {Сборник работ 70-ой научной конференции студентов и аспирантов Белорусского государственного университета},
    title       = {Система поиска плагиата},
    year        = {2013},
    volume      = {1},
    pages       = {207-211},
    langid      = {russian},
}

