% Keywords for CT Lab publications:
% - index:wos               - индексируется в Web of Science
% - index:scopus            - индексируется в Scopus
% - index:vak               - в журнале из перечня ВАК
%
% - labauthor:aksenov       - Аксенов Виталий
% - labauthor:arkhipov      - Архипов Виктор Сергеевич
% - labauthor:bocharova		- Бочарова Ирина Евгеньевна
% - labauthor:buzdalov      - Буздалов Максим Викторович
% - labauthor:buzdalova     - Буздалова Арина Сергеевна
% - labauthor:buzhinsky     - Бужинский Игорь Петрович
% - labauthor:chivilikhin   - Чивилихин Даниил Сергеевич
% - labauthor:kazakov       - Казаков Сергей Владимирович
% - labauthor:kravtsov      - Кравцов Никита Олегович
% - labauthor:kudryashov	- Кудряшов Борис Давидович
% - labauthor:meyer			- Бертран Мейер
% - labauthor:mironovich	- Миронович Владимир Анатольевич
% - labauthor:parfenov      - Владимир Глебович Парфенов
% - labauthor:petrova       - Петрова Ирина Анатольевна
% - labauthor:popova        - Попова Светлана Владимировна
% - labauthor:sergeev		- Сергеев Михаил Борисович
% - labauthor:shalyto       - Шалыто Анатолий Абрамович
% - labauthor:ulyantsev     - Ульянцев Владимир Игоревич
% - labauthor:vyatkin		- Вяткин Валерий Владимирович

%%%%%%%%%%%%%%% PAPERS BY CT LAB %%%%%%%%%%%%%%%%%%%%%%

%% TEMPORARY: {addendum} fields contain printerman's lists / same for Buzdalov. This is to be 
%%            refactored.

@article{ chivilikhin-automation-rc-2016,
    author      = {Chivilikhin, D.S. and Ulyantsev, V.I. and Shalyto, A.A.},
    title       = {Modified ant colony algorithm for constructing finite state machines from 
                   execution scenarios and temporal formulas},
    journal     = {Automation and Remote Control},
    year        = {2016},
    volume      = {77},
    number      = {3},
    pages       = {473-484},
    langid      = {english},
    keywords    = {index:scopus, index:wos, labauthor:shalyto}
}

@incollection{ swarm-melif-2016,
    author      = {Smetannikov, I. and Varlamov, E. and Filchenkov, A.},
    title       = {Swarm {MeLiF}: Feature selection with filter combination found via swarm intelligence},
    series      = {Advances in Intelligent Systems and Computing},
    year        = {2016},
    number      = {449},
    pages       = {227-234},
    langid      = {english},
    keywords    = {index:scopus, labauthor:smetannikov, labauthor:filchenkov}
}

@incollection{ lookbooksclub-2016,
    author      = {Golubtsov, N. and Galper, D. and Filchenkov, A.},
    title       = {Active adaptation of expert-based suggestions in ladieswear recommender system 
                   {LookBooksClub} via reinforcement learning},
    series      = {Advances in Intelligent Systems and Computing},
    year        = {2016},
    number      = {449},
    pages       = {61-69},
    langid      = {english},
    keywords    = {index:scopus, labauthor:filchenkov}
}

@article{ putin-aging-2016,
    author      = {Putin, E. and Mamoshina, P. and Aliper, A. and Korzhinkin, M. and Moskalev, A. and
                   Kolosov, A. and Ostrovskiy, A. and Cantor, C. and Vijg, J. and Zhavoronkov, A.},
    title       = {Deep biomarkers of human aging: Application of deep neural networks to 
                   biomarker development},
    journal     = {Aging},
    year        = {2016},
    volume      = {8},
    number      = {5},
    pages       = {1-13},
    langid      = {english},
    keywords    = {index:wos, index:scopus, labauthor:putin}
}

@article{ aksenov-kokhas-2016,
    author      = {Aksenov, V.E. and Kokhas, K.P.},
    title       = {Calculation of Pfaffians by a Chip Removal},
    journal     = {Journal of Mathematical Sciences},
    year        = {2016},
    volume      = {215},
    number      = {6},
    pages       = {631-648},
    langid      = {english},
    keywords    = {index:scopus, labauthor:aksenov}
}

@article{ kudryashov-ieee-inf-2016,
    author      = {Bocharova, I.E. and Kudryashov, B.D. and Johannessen, R.},
    title       = {Searching for Binary and Nonbinary Block and Convolutional {LDPC} Codes},
    journal     = {IEEE Transactions on Information Theory},
    year        = {2016},
    volume      = {62},
    number      = {1},
    pages       = {163-183},
    langid      = {english},
    keywords    = {index:scopus, index:wos, labauthor:bocharova, labauthor:kudryashov}
}

@inproceedings{ epsilon-gecco16,
    author      = {Andrey Vasin and Maxim Buzdalov},
    title       = {A Faster Algorithm for the Binary Epsilon Indicator Based on Orthant Minimum Search},
    booktitle   = {Proceedings of Genetic and Evolutionary Computation Conference},
    year        = {2016},
    pages       = {613-620},
    langid      = {english},
    keywords    = {index:scopus, index:wos, labauthor:buzdalov}
}    

@inproceedings{ shalamov-gecco16,
    author      = {Shalamov, V.V. and Andrey Filchenkov and Daniil Chivilikhin},
    title       = {Small-Moves Based Mutation For Pick-Up And Delivery Problem},
    booktitle   = {Proceedings of Genetic and Evolutionary Computation Conference Companion},
    year        = {2016},
    pages       = {to appear},
    langid      = {english},
    keywords    = {index:scopus, labauthor:filchenkov, labauthor:chivilikhin}
}    

@inproceedings{ buzdalov-bbcomp-gecco16,
    author      = {Maxim Buzdalov},
    title       = {An Algorithm for Computing Lower Bounds for Unrestricted Black-Box Complexities},
    booktitle   = {Proceedings of Genetic and Evolutionary Computation Conference Companion},
    year        = {2016},
    pages       = {to appear},
    langid      = {english},
    keywords    = {index:scopus, labauthor:buzdalov}
}    

@inproceedings{ bulanova-hybrids-gecco16,
    author      = {Nina Bulanova and Arina Buzdalova and Maxim Buzdalov},
    title       = {Fitness-Dependent Hybridization of Clonal Selection Algorithm and Random Local Search},
    booktitle   = {Proceedings of Genetic and Evolutionary Computation Conference Companion},
    year        = {2016},
    pages       = {5-6},
    langid      = {english},
    keywords    = {index:scopus, labauthor:bulanova, labauthor:buzdalova, labauthor:buzdalov}
}

@inproceedings{ rost-petrova-parameter-selection-gecco16,
    author      = {Arkady Rost and Irina Petrova and Arina Buzdalova},
    title       = {Adaptive Parameter Selection in Evolutionary Algorithms by Reinforcement Learning 
                   with Dynamic Discretization of Parameter Range},
    booktitle   = {Proceedings of Genetic and Evolutionary Computation Conference Companion},
    year        = {2016},
    pages       = {to appear},
    langid      = {english},
    keywords    = {index:scopus, labauthor:petrova, labauthor:buzdalova}
}     

@inproceedings{ chivilikhin-irace-gecco16,
    author      = {Daniil Chivilikhin},
    title       = {Experimental Study of Automated Offline Parameter Tuning on the Example of irace and 
                   the Traveling Salesman Problem},
    booktitle   = {Proceedings of Genetic and Evolutionary Computation Conference Companion},
    year        = {2016},
    pages       = {to appear},
    langid      = {english},
    keywords    = {index:scopus, labauthor:chivilikhin}
}

@article{ unrestricted-jump-evco,
    author      = {Maxim Buzdalov and Benjamin Doerr and Mikhail Kever},
    title       = {The Unrestricted Black-Box Complexity of Jump Functions},
    journal     = {Evolutionary Computation},
    year        = {2016},
    volume      = {24},
    number      = {4},
    pages       = {719-744},
    langid      = {english},
    keywords    = {index:wos, index:scopus, labauthor:buzdalov}
}

@article{ aksenov-urban-renewal,
    author      = {Aksenov, V.E. and Kokhas, K.P.},
    title       = {Chip Removal. Urban Renewal Revisited},
    journal     = {Journal of Mathematical Sciences},
    year        = {2015},
    volume      = {209},
    number      = {6},
    pages       = {809-825},
    langid      = {english},
    keywords    = {index:wos, index:scopus, labauthor:aksenov}
}

@inproceedings{ maximum-flow-onell-gecco15,
    year        = {2015},
    pages       = {1229-1232},
    booktitle   = {Proceedings of Genetic and Evolutionary Computation Conference Companion},
    author      = {Vladimir Mironovich and Maxim Buzdalov},
    title       = {Hard Test Generation for Maximum Flow Algorithms with the Fast Crossover-Based Evolutionary Algorithm},
    langid      = {english},
    keywords    = {index:scopus, labauthor:mironovich, labauthor:buzdalov}
}

@inproceedings{ multi-objective-earl-gecco15,
    year        = {2015},
    pages       = {1177-1180},
    booktitle   = {Proceedings of Genetic and Evolutionary Computation Conference Companion},
    author      = {Arina Buzdalova and Anna Matveeva and Georgiy Korneev},
    title       = {Selection of Auxiliary Objectives with Multi-Objective Reinforcement Learning},
    langid      = {english},
    keywords    = {index:scopus, labauthor:buzdalova, labauthor:korneev}
}

@inproceedings{ steadiness-degrees-gecco15,
    year        = {2015},
    pages       = {749-750},
    booktitle   = {Proceedings of Genetic and Evolutionary Computation Conference Companion},
    author      = {Maxim Buzdalov and Vladimir Parfenov},
    title       = {Various Degrees of Steadiness in {NSGA-II} and Their Influence on the Quality of Results},
    langid      = {english},
    keywords    = {labauthor:buzdalov, labauthor:parfenov, index:scopus}
}

@inproceedings{ steady-state-nsga2-gecco15,
	year		= {2015},
	pages       = {647-654},
	booktitle	= {Proceedings of Genetic and Evolutionary Computation Conference},
	author		= {Maxim Buzdalov and Ilya Yakupov and Andrew Stankevich},
	title		= {Fast Implementation of the Steady-State {NSGA-II} Algorithm for Two Dimensions Based on Incremental Non-Dominated Sorting},
	langid		= {english},
	keywords	= {labauthor:buzdalov, index:wos, index:scopus}
}

@inproceedings{ petrova-tsp,
	year		= {2015},
	pages       = {1455-1456},
	booktitle	= {Proceedings of Genetic and Evolutionary Computation Conference Companion},
	author		= {Irina Petrova and Arina Buzdalova},
	title		= {Selection of Auxiliary Objectives in the {T}ravelling {S}alesman Problem using Reinforcement Learning},
	langid		= {english},
	keywords	= {labauthor:petrova, labauthor:buzdalova, index:scopus}
}

@inproceedings{ mendel-2015-aux-ais,
    year        = {2015},
    pages       = {47-52},
    booktitle   = {Proceedings of International Conference on Soft Computing MENDEL},
    author      = {Arina Buzdalova and Nina Bulanova},
    title       = {Selection of Auxiliary Objectives in Artificial Immune Systems: Initial Explorations},
    langid      = {english},
    keywords    = {labauthor:buzdalova, labauthor:bulanova, index:scopus}
}

@inproceedings{ mendel-2015-async-cma,
    year        = {2015},
    pages       = {37-40},
    booktitle   = {Proceedings of International Conference on Soft Computing MENDEL},
    author      = {Viktor Arkhipov and Maxim Buzdalov},
    title       = {An Asynchronous Implementation of the Limited Memory {CMA-ES}: First Results},
    langid      = {english},
    keywords    = {labauthor:buzdalov, labauthor:arkhipov, index:scopus}
}

@inproceedings{ flows-revisited-cec15,
	year		= {2015},
	booktitle	= {Proceedings of IEEE Congress on Evolutionary Computation},
	author		= {Maxim Buzdalov and Anatoly Shalyto},
	title		= {Hard Test Generation for Augmenting Path Maximum Flow Algorithms using Genetic Algorithms: Revisited},
	pages       = {2121-2128},
	langid		= {english},
	keywords	= {labauthor:buzdalov, labauthor:shalyto, index:wos, index:scopus}
}

@inproceedings{ incremental-nds-cec15,
	year		= {2015},
	booktitle	= {Proceedings of IEEE Congress on Evolutionary Computation},
	author		= {Ilya Yakupov and Maxim Buzdalov},
	title		= {Incremental Non-Dominated Sorting with {$O(N)$} Insertion for the Two-Dimensional Case},
	pages       = {1853-1860},
	langid		= {english},
	keywords	= {labauthor:buzdalov, index:wos, index:scopus}
}

@inproceedings{ epsilon-greedy-cec15,
	year		= {2015},
	booktitle	= {Proceedings of IEEE Congress on Evolutionary Computation},
	author		= {Maxim Buzdalov and Arina Buzdalova},
	title		= {Analysis of {Q-Learning} with Random Exploration for Selection of Auxiliary Objectives in Random Local Search},
	pages       = {1776-1783},
	langid		= {english},
	keywords	= {labauthor:buzdalov, labauthor:buzdalova, index:wos, index:scopus}
}

@inproceedings{ leadingones-onemax-cec15,
	year		= {2015},
	booktitle	= {Proceedings of IEEE Congress on Evolutionary Computation},
	author		= {Maxim Buzdalov and Arina Buzdalova},
	title		= {Can {OneMax} Help Optimizing {LeadingOnes} using the {EA+RL} Method?},
	pages       = {1762-1768},
	langid		= {english},
	keywords	= {labauthor:buzdalov, labauthor:buzdalova, index:wos, index:scopus}
}

@incollection{ antipov-evocop15,
	year		= {2015},
	booktitle	= {Evolutionary Computation in Combinatorial Optimization},
	series		= {Lecture Notes in Computer Science},
	title		= {{R}untime {A}nalysis of (1+1) {E}volutionary {A}lgorithm {C}ontrolled with {Q}-learning using {G}reedy {E}xploration {S}trategy on {O}ne{M}ax+{Z}ero{M}ax {P}roblem},
	number		= {9026},
	author		= {Denis Antipov and Maxim Buzdalov and Benjamin Doerr},
	pages		= {160-172},
	langid		= {english},
	keywords	= {labauthor:antipov, labauthor:buzdalov, index:scopus}
}

@incollection{ kever-evocop15,
	year		= {2015},
	booktitle	= {Evolutionary Computation in Combinatorial Optimization},
	series		= {Lecture Notes in Computer Science},
	title		= {Upper and Lower Bounds on Unrestricted Black-Box Complexity of $\textsc{Jump}_{n,\ell}$},
	number		= {9026},
	author		= {Maxim Buzdalov and Mikhail Kever and Benjamin Doerr},
	pages		= {209-221},
	langid		= {english},
	keywords	= {labauthor:antipov, labauthor:buzdalov, index:scopus}
}

@incollection{ buzdalov-bicta14,
    year        = {2014},
    booktitle   = {Proceedings of 9th International Conference on Bio-inspired Computing: Theories and Applications},
    series      = {Communications in Computer and Information Science},
    number      = {472},
    title       = {Worst-Case Execution Time Test Generation for Solutions of the Knapsack Problem using a Genetic Algorithm},
    author      = {Maxim Buzdalov and Anatoly Shalyto},
    pages       = {1-10},
    publisher   = {Springer},
    langid      = {english},
    addendum    = {0,3125~п.~л. / 0,25~п.~л.},
    keywords    = {labauthor:buzdalov, labauthor:shalyto, index:wos, index:scopus}
}

@article{ buzdalov-vestnik-72,
    author      = {Максим Викторович Буздалов},
    title       = {Генерация тестов для олимпиадных задач по программированию с использованием генетических алгоритмов},
    journal     = {Научно-технический вестник {СПбГУ} {ИТМО}},
    number      = {2(72)},
    year        = {2011},
    pages       = {72-77},
    langid      = {russian},
    addendum    = {0,375~п.~л.},
    keywords    = {labauthor:buzdalov, index:vak}
}

@article{ buzdalov-vestnik-76,
    author      = {Максим Викторович Буздалов},
    title       = {Генерация тестов для олимпиадных задач по теории графов с использованием эволюционных стратегий},
    journal     = {Научно-технический вестник {СПбГУ} {ИТМО}},
    number      = {6(76)},
    year        = {2011},
    pages       = {123-127},
    langid      = {russian},
    addendum    = {0,3125~п.~л.},
    keywords    = {labauthor:buzdalov, index:vak}
}

@article{ buzdalova-vestnik,
    author      = {Арина Сергеевна Буздалова and Максим Викторович Буздалов},
    title       = {Метод повышения эффективности эволюционных алгоритмов с помощью обучения с подкреплением},
    journal     = {Научно-технический вестник информационных технологий, механики и оптики},
    number      = {5 (81)},
    year        = {2012},
    pages       = {115-119},
    langid      = {russian},
    keywords    = {labauthor:buzdalova, labauthor:buzdalov, index:vak}
}

@article{ afanasyeva-vestnik,
  author        = {Арина Сергеевна Афанасьева and Максим Викторович Буздалов},
  title         = {Выбор функции приспособленности особей генетического алгоритма с помощью обучения с подкреплением},
  journal       = {Научно-технический вестник информационных технологий, механики и оптики},
  year          = {2012},
  number        = {1(77)},
  pages         = {77-81},
  langid        = {russian},
  keywords      = {labauthor:buzdalova, labauthor:buzdalov, index:vak}
}

@inproceedings{ aux,
    author      = {Arina Buzdalova and Maxim Buzdalov},
    title       = {Increasing Efficiency of Evolutionary Algorithms by Choosing between Auxiliary Fitness Functions with Reinforcement Learning},
    booktitle   = {Proceedings of the International Conference on Machine Learning and Applications},
    volume      = {1},
    year        = {2012},
    pages       = {150-155},
    langid      = {english},
    keywords    = {labauthor:buzdalov, labauthor:buzdalova, index:scopus}
}

@inproceedings{ earl-cec,
    author      = {Buzdalov, Maxim and Buzdalova, Arina},
    title       = {Adaptive Selection of Helper-Objectives for Test Case Generation},
    booktitle   = {2013 IEEE Congress on Evolutionary Computation},
    volume      = {1},
    year        = {2013},
    pages       = {2245-2250},
    langid      = {english},
    addendum    = {0,375~п.~л. / 0,19~п.~л.},
    keywords    = {labauthor:buzdalov, labauthor:buzdalova, index:scopus}
}

@incollection{ ssbse,
    author      = {Arina Buzdalova and Maxim Buzdalov and Vladimir Parfenov},
    title       = {Generation of Tests for Programming Challenge Tasks Using Helper-Objectives},
    booktitle   = {5th International Symposium on Search-Based Software Engineering},
    series      = {Lecture Notes in Computer Science},
    number      = {8084},
    publisher   = {Springer},
    year        = {2013},
    pages       = {300-305},
    langid      = {english},
    addendum    = {0,1875~п.~л. / 0,07~п.~л.},
    keywords    = {labauthor:buzdalov, labauthor:buzdalova, labauthor:parfenov, index:scopus}
}

@inproceedings{ buzdalov-sara-icmla14,
    author      = {Maxim Buzdalov},
    title       = {A Switch-and-Restart Algorithm with Exponential Restart Strategy for Objective Selection and its Runtime Analysis},
    booktitle   = {Proceedings of the International Conference on Machine Learning and Applications},
    year        = {2014},
    pages       = {141-146}, 
    publisher   = {IEEE Computer Society},
    langid      = {english},
    addendum    = {0,375~п.~л.},
    keywords    = {labauthor:buzdalov, index:scopus}
}

@inproceedings{ buzdalovs-icmla13,
    author      = {M. Buzdalov and A. Buzdalova and A. Shalyto},
    title       = {A First Step towards the Runtime Analysis of Evolutionary Algorithm Adjusted with Reinforcement Learning},
    booktitle   = {Proceedings of the International Conference on Machine Learning and Applications},
    year        = {2013},
    pages       = {203-208},
    volume      = {1},
    publisher   = {IEEE Computer Society},
    langid      = {english},
    keywords    = {labauthor:buzdalov, labauthor:buzdalova, labauthor:shalyto, index:scopus}
}

@inproceedings{ jobshop-icmla13,
    author      = {I. Petrova and A. Buzdalova and M. Buzdalov},
    title       = {Improved Helper-Objective Optimization Strategy for {J}ob-{S}hop Scheduling Problem},
    booktitle   = {Proceedings of the International Conference on Machine Learning and Applications},
    year        = {2013},
    pages       = {374-377},
    volume      = {2},
    publisher   = {IEEE Computer Society},
    langid      = {english},
    keywords    = {labauthor:buzdalov, labauthor:buzdalova, labauthor:petrova, index:scopus}
}

@inproceedings{ buzdalov-bugs-gecco12,
    author      = {Maxim Buzdalov and Andrey Sokolov},
    title       = {Evolving {EFSMs} Solving a Path-Planning Problem by Genetic Programming},
    booktitle   = {Proceedings of Genetic and Evolutionary Computation Conference Companion},
    year        = {2012},
    pages       = {591-594},
    langid      = {english},
    keywords    = {labauthor:buzdalov, index:scopus}
}

@inproceedings{ mini,
    author      = {Arina Buzdalova and Maxim Buzdalov},
    title       = {Adaptive Selection of Helper-Objectives with Reinforcement Learning},
    booktitle   = {Proceedings of the International Conference on Machine Learning and Applications},
    year        = {2012},
    volume      = {2},
    pages       = {66-67},
    publisher   = {IEEE Computer Society},
    langid      = {english},
    keywords    = {labauthor:buzdalov, labauthor:buzdalova, index:scopus}
}

@inproceedings{ earl-gecco,
    author      = {Maxim Buzdalov and Arina Buzdalova and Irina Petrova},
    booktitle   = {Proceedings of Genetic and Evolutionary Computation Conference Companion},
    title       = {Generation of Tests for Programming Challenge Tasks Using Multi-Objective Optimization},
    year        = {2013},
    pages       = {1655-1658},
    publisher   = {ACM},
    langid      = {english},
    addendum    = {0,25~п.~л. / 0,1~п.~л.},
    keywords    = {labauthor:buzdalov, labauthor:buzdalova, index:scopus}
}

@inproceedings{ tests,
    author      = {M. Buzdalov},
    title       = {Generation of Tests for Programming Challenge Tasks Using Evolution Algorithms},
    booktitle   = {Proceedings of Genetic and Evolutionary Computation Conference Companion},
    publisher   = {ACM},
    year        = {2011},
    pages       = {763-766},
    langid      = {english},
    addendum    = {0,25~п.~л.},
    keywords    = {labauthor:buzdalov, index:scopus}
}

@inproceedings{ minmax,
    author      = {A. Afanasyeva and M. Buzdalov},
    title       = {Choosing Best Fitness Function with Reinforcement Learning},
    booktitle   = {Proceedings of the Tenth International Conference on Machine Learning and Applications},
    address     = {Honolulu, HI, USA},
    year        = {2011},
    publisher   = {IEEE Computer Society},
    volume      = {2},
    pages       = {354-357},
    langid      = {english},
    keywords    = {labauthor:buzdalov, labauthor:buzdalova, index:scopus}
}

@inproceedings{ mendel,
    author      = {A. Afanasyeva and M. Buzdalov},
    title       = {Optimization with Auxiliary Criteria using Evolutionary Algorithms and Reinforcement Learning},
    booktitle   = {Proceedings of 18th International Conference on Soft Computing MENDEL 2012},
    address     = {Brno, Czech Republic},
    year        = {2012},
    pages       = {58-63},
    langid      = {english},
    keywords    = {labauthor:buzdalov, labauthor:buzdalova, index:scopus}
}

@inproceedings{ buzdalov-arkhipov,
    author      = {V. Arkhipov and M. Buzdalov and A. Shalyto},
    title       = {Worst-Case Execution Time Test Generation for Augmenting Path Maximum Flow Algorithms using Genetic Algorithms},
    booktitle   = {Proceedings of the International Conference on Machine Learning and Applications},
    year        = {2013},
    pages       = {108-111},
    volume      = {2},
    publisher   = {IEEE Computer Society},
    langid      = {english},
    addendum    = {0,25~п.~л. / 0,15~п.~л.},
    keywords    = {labauthor:buzdalov, labauthor:shalyto, labauthor:arkhipov, index:scopus}
}

@inproceedings{ buzdalov-graphs,
    author      = {M. Buzdalov},
    title       = {Generation of Tests for Programming Challenge Tasks on Graph Theory using Evolution Strategy},
    booktitle   = {Proceedings of the International Conference on Machine Learning and Applications},
    year        = {2012},
    pages       = {62-65},
    volume      = {2},
    publisher   = {IEEE Computer Society},
    langid      = {english},
    addendum    = {0,25~п.~л.},
    keywords    = {labauthor:buzdalov, index:scopus}
}

@inproceedings{ xdivk,
    author      = {Maxim Buzdalov and Arina Buzdalova},
    title       = {{OneMax} Helps Optimizing {XdivK}: Theoretical Runtime Analysis for {RLS} and {EA+RL}},
    booktitle   = {Proceedings of Genetic and Evolutionary Computation Conference Companion},
    year        = {2014},
    pages       = {201-202},
    publisher   = {ACM},
    langid      = {english},
    keywords    = {labauthor:buzdalov, labauthor:buzdalova, index:scopus}
}

@inproceedings{ mendel2014,
    author      = {I. Petrova and A. Buzdalova and M. Buzdalov},
    title       = {Selection of Extra Objectives using Reinforcement Learning in Non-Stationary Environment: Initial Explorations},
    booktitle   = {Proceedings of 20th International Conference on Soft Computing MENDEL 2014},
    address     = {Czech Republic},
    year        = {2014},
    pages       = {58-63},
    langid      = {english},
    keywords    = {labauthor:buzdalov, labauthor:buzdalova, labauthor:petrova, index:scopus}
}

@inproceedings{ mendel2014-kravtsov,
    author      = {N. Kravtsov and M. Buzdalov and A. Buzdalova and A. Shalyto},
    title       = {Worst-Case Execution Time Test Generation using Genetic Algorithms with Automated Construction and Online Selection of Objectives},
    booktitle   = {Proceedings of 20th International Conference on Soft Computing MENDEL 2014},
    address     = {Czech Republic},
    year        = {2014},
    pages       = {111-116},
    langid      = {english},
    addendum    = {0,375~п.~л. / 0,15~п.~л.},
    keywords    = {labauthor:buzdalov, labauthor:buzdalova, labauthor:shalyto, labauthor:kravtsov, index:scopus}
}

@inproceedings{ buzdalov-nsmv-2009,
    author      = {Максим Викторович Буздалов},
    booktitle   = {Труды Третьей Всероссийской конференции <<Нечеткие системы и мягкие вычисления>>},
    title       = {Применение генетических алгоритмов для определения неэффективных решений олимпиадных задач по программированию (на примере задачи о рюкзаке)},
    year        = {2009},
    pages       = {16-24},
    volume      = {2},
    langid      = {russian},
    addendum    = {0,25~п.~л.},
    keywords    = {labauthor:buzdalov}
}

@inproceedings{ buzdalov-spisok-2011-es,
    author      = {Максим Викторович Буздалов},
    booktitle   = {Материалы Второй межвузовской научной конференции по проблемам информатики СПИСОК},
    title       = {Генерация тестов для олимпиадных задач по программированию с использованием эволюционных стратегий},
    year        = {2011},
    pages       = {336-338},
    langid      = {russian},
    addendum    = {0,09~п.~л.},
    keywords    = {labauthor:buzdalov}
}

@inproceedings{ buzdalov-spisok-2012-cov,
    author      = {Максим Викторович Буздалов},
    booktitle   = {Материалы Всероссийской научной конференции по проблемам информатики СПИСОК},
    title       = {Применение эволюционных алгоритмов для покрытия кода тестами},
    year        = {2012},
    pages       = {404-408},
    langid      = {russian},
    addendum    = {0,15~п.~л.},
    keywords    = {labauthor:buzdalov}
}

@inproceedings{ buzdalova-buzdalov-spisok-2013-tests,
    author      = {Арина Сергеевна Буздалова and Максим Викторович Буздалов},
    booktitle   = {Материалы Всероссийской научной конференции по проблемам информатики СПИСОК},
    title       = {Использование вспомогательных функций приспособленности для тестирования 
                   решений олимпиадных задач по программированию},
    year        = {2013},
    pages       = {548-555},
    langid      = {russian},
    addendum    = {0,25~п.~л. / 0,1~п.~л.},
    keywords    = {labauthor:buzdalov, labauthor:buzdalova}
}

@inproceedings{ yakorev-buzdalov-spisok-2013-tests,
    author      = {Владимир Олегович Якорев and Максим Викторович Буздалов},
    booktitle   = {Материалы Всероссийской научной конференции по проблемам информатики СПИСОК},
    title       = {Генерация тестов для олимпиадных задач по программированию
                   с помощью многокритериальных эволюционных алгоритмов},
    year        = {2013},
    pages       = {571-573},
    langid      = {russian},
    addendum    = {0,1~п.~л. / 0,05~п.~л.},
    keywords    = {labauthor:buzdalov}
}

@inproceedings{ buzdalov-buzdalova-spisok-2014-sara,
    author      = {Максим Викторович Буздалов and Арина Сергеевна Буздалова},
    booktitle   = {Материалы Всероссийской научной конференции по проблемам информатики СПИСОК},
    title       = {Асимптотически оптимальные алгоритмы для выбора вспомогательных критериев оптимизации},
    year        = {2014},
    pages       = {324-329}, 
    langid      = {russian},
    addendum    = {0,2~п.~л. / 0,15~п.~л.},
    keywords    = {labauthor:buzdalov, labauthor:buzdalova}
}

@article{ furia-meyer-velder,
	author		= {Furia, C. and Meyer, B. and Velder, S.},
	title		= {Loop Invariants: Analysis, Classification, and Examples},
	journal		= {ACM Computing Surveys},
	year		= {2014},
	volume		= {46},
	number		= {3},
	pages		= {Article No. 34},
	keywords	= {index:wos, index:scopus, labauthor:meyer},
	langid		= {english}
}

@incollection{ balonin-sergeev-basis-video,
	author		= {Nikolay Balonin and Mikhail Sergeev},
	title		= {Expansion of the Orthogonal Basis in Video Compression},
	booktitle	= {Smart Digital Futures 2014},
	number		= {262},
	series		= {Frontiers in Artificial Intelligence and Applications},
	pages		= {468-474},
	keywords	= {index:scopus, labauthor:sergeev},
	langid		= {english}
}

@inproceedings{ kudryashov-source-channel-coding-2014,
	author		= {Bocharova, I.E. and Guillen i Fabregas, A. and Kudryashov, B.D. and Martinez, A. and Tauste Campo, A. and Vazquez-Vilar, G.},
	title		= {Source-channel coding with multiple classes},
	booktitle	= {IEEE International Symposium on Information Theory (ISIT)},
	year		= {2014},
	pages		= {1514-1518},
	keywords	= {index:scopus, labauthor:kudryashov, labauthor:bocharova},
	langid		= {english}
}

@inproceedings{ kudryashov-ldpc-2014,
	author		= {Bocharova, I.E. and Kudryashov, B.D. and Johannesson, R.},
	title		= {{LDPC} Convolutional Codes versus {QC} {LDPC} block codes in communication standard scenarios},
	booktitle	= {IEEE International Symposium on Information Theory (ISIT)},
	year		= {2014},
	pages		= {2774-2778},
	keywords	= {index:scopus, labauthor:kudryashov, labauthor:bocharova},
	langid		= {english}
}

@inproceedings{ vyatkin-smart-grid,
	author		= {Zhabelova, Gulnara and Yang, Chen-Wei and Patil, Sandeep and Pang, Cheng and Yan, Jeffrey and Shalyto, Anatoly and Vyatkin, Valeriy},
	title		= {Cyber-Physical Components for Heterogeous Modeling, Validation and Implementation of Smart Grid Intelligence},
	booktitle	= {IEEE International Conference on Industrial Informatics},
	year		= {2014},
	pages		= {411-417},
	keywords	= {index:scopus, labauthor:shalyto, labauthor:vyatkin},
	langid		= {english}
}

@inproceedings{ vyatkin-portability-2014,
	author		= {Pang, Cheng and Patil, Sandeep and Yang, Chen-Wei and Vyatkin, Valeriy and Shalyto, Anatoly},
	title		= {A portability study of {IEC} 61499: Semantics and tools},
	booktitle	= {IEEE International Conference on Industrial Informatics},
	year		= {2014},
	pages		= {440-445},
	keywords	= {index:scopus, labauthor:shalyto, labauthor:vyatkin},
	langid		= {english}
}

@inproceedings{ kudryashov-faster-than-nyquist-2014,
	author		= {Yu, J. and Park, J. and Rusek, F. and Kudryashov, B. and Bocharova, I.},
	title		= {High Order Modulation in Faster-than-Nyquist Signaling Communication Systems},
	booktitle	= {IEEE Vehicle Technology Conference},
	year		= {2014},
	keywords	= {index:scopus, labauthor:kudryashov, labauthor:bocharova},
	langid		= {english}
}

@inproceedings{ kazakov-shalyto-overlap-graph-simplification,
	author		= {Sergey Kazakov and Anatoly Shalyto},
	title		= {Overlap Graph Simplification Using Edge Reliability Calculation},
	booktitle	= {International Conference Intelligent Systems and Agents},
	year		= {2014},
	pages		= {222-226},
	keywords	= {index:scopus, labauthor:shalyto, labauthor:kazakov},
	langid		= {english}
}

@incollection{ buzdalov-nds-2014,
	author		= {Maxim Buzdalov and Anatoly Shalyto},
	title		= {A Provably Asymptotically Fast Version of the Generalized {J}ensen Algorithm for Non-Dominated Sorting},
	booktitle	= {Parallel Problem Solving from Nature -- {PPSN} {XIII}},
	series		= {Lecture Notes in Computer Science},
	number		= {8672},
	year		= {2014},
	pages		= {528-537},
	keywords	= {index:scopus, labauthor:shalyto, labauthor:buzdalov},
	publisher   = {Springer},
	langid		= {english}
}

@inproceedings{ chivilikhin-ulyantsev-parallel-ant-2014,
	author		= {Daniil Chivilikhin and Vladimir Ulyantsev and Anatoly Shalyto},
	title		= {Extended Finite-State Machine Inference With Parallel Ant Colony Based Algorithms},
	booktitle	= {International Student Workshop on Bioinspired Optimization Methods and Their Applications},
	year		= {2014},
	keywords	= {index:scopus, labauthor:shalyto, labauthor:chivilikhin, labauthor:ulyantsev},
	pages		= {117-126},
	langid		= {english}
}

@inproceedings{ balonin-sergeev-mersenne-2014,
	author		= {Nikolay Balonin and Mikhail Sergeev},
	title		= {On Existence of Mersenne and Hadamard Matrices},
	booktitle	= {International Symposium on Problems of Redundancy in information and Control Systems},
	year		= {2014},
	keywords	= {index:scopus, labauthor:sergeev},
	langid		= {english}
}

@inproceedings{ balonin-sergeev-maximum-det-2014,
	author		= {Nikolay Balonin and Mikhail Sergeev},
	title		= {About Matrices of the Local Maximum of Determinant},
	booktitle	= {International Symposium on Problems of Redundancy in information and Control Systems},
	year		= {2014},
	keywords	= {index:scopus, labauthor:sergeev},
	langid		= {english}
}

@inproceedings{ kudryashov-low-complexity-2014,
	author		= {Irina E. Bocharova and Albert Guill\'en i F\'abregas and Boris D. Kudryashov and Alfonso Martinez and Adri\'a Tauste Campo and Gonzalo Vazquez-Vilar},
	title		= {Low-complexity fixed-to-fixed joint source-channel coding},
	booktitle	= {International Symposium on Turbo Codes and Iterative Information Processing},
	year		= {2014},
	keywords	= {index:scopus, labauthor:kudryashov, labauthor:bocharova},
	langid		= {english}
}

@inproceedings{ popova-abstracts-2014,
	author		= {Svetlana Popova and Vera Danilova},
	title		= {Keyphrase extraction. Abstracts instead of full papers},
	booktitle	= {International Workshop on Text-based Information Retrieval},
	year		= {2014},
	keywords	= {index:scopus: labauthor:popova},
	langid		= {english}
}

@article{ buzhinsky-jcssi-2014,
	author		= {Igor Buzhinsky and Vladimir Ulyantsev and Daniil Chivilikhin and Anatoly Shalyto},
	title		= {Inducing Finite State Machines from Training Samples Using Ant Colony Optimization},
	journal		= {Journal of Computer and Systems Sciences International},
	year		= {2014},
	volume		= {53},
	number		= {2},
	pages		= {256-266},
	keywords	= {index:scopus, index:wos, labauthor:buzhinsky, labauthor:ulyantsev, labauthor:chivilikhin, labauthor:shalyto},
	langid		= {english}
}

@inproceedings{chivilikhin-ulyantsev-gecco13,
   author       = {Chivilikhin, Daniil and Ulyantsev, Vladimir},
   title        = {{MuACOsm: A New Mutation-Based Ant Colony Optimization Algorithm for Learning Finite-State Machines}},
   booktitle    = {Proceedings of GECCO},
   year         = {2013},
   pages        = {511-518},
   langid		= {english}
}

@article{ aksenov-kokhas-domino-2014,
	author		= {Vitaly Aksenov and Konstantin Kokhas},
	title		= {Domino Tilings and Determinants},
	journal		= {Journal of Mathematical Sciences},
	year		= {2014},
	volume		= {200},
	number		= {6},
	pages		= {647-653},
	keywords	= {index:scopus, index:wos, labauthor:aksenov},
	langid		= {english}
}

@inproceedings{	buzhinsky-gecco-2014,
	author		= {Igor Buzhinsky and Daniil Chivilikhin and Vladimir Ulyantsev and Fedor Tsarev},
	title		= {Improving the Quality of Supervised Finite-State Machine Construction Using Real-Valued Variables},
	booktitle	= {Proceedings of Genetic and Evolutionary Computation Conference (Companion)},
	year		= {2014},
	pages		= {1037-1040},
	keywords	= {index:scopus, labauthor:buzhinsky, labauthor:chivilikhin, labauthor:ulyantsev},
	langid		= {english}
}

@inproceedings{ chivilikhin-mutation-based-gecco-2014,
	author		= {Daniil Chivilikhin and Vladimir Ulyantsev},
	title		= {Inferring Automata-Based Programs from Specification With Mutation-Based Ant Colony Optimization},
	booktitle	= {Proceedings of Genetic and Evolutionary Computation Conference (Companion)},
	year		= {2014},
	pages		= {67-68},
	keywords	= {index:scopus, labauthor:chivilikhin, labauthor:ulyantsev},
	langid		= {english}
}

@inproceedings{ buzdalovs-kononov-gecco-2014,
	author		= {Arina Buzdalova and Vladislav Kononov and Maxim Buzdalov},
	title		= {Selecting Evolutionary Operators using Reinforcement Learning: Initial Explorations},
	booktitle	= {Proceedings of Genetic and Evolutionary Computation Conference (Companion)},
	year		= {2014},
	pages		= {1033-1036},
	keywords	= {index:scopus, labauthor:buzdalov, labauthor:buzdalova},
	langid		= {english}
}

@inproceedings{ petrova-lba-gecco-2014,
	author		= {Maxim Buzdalov and Irina Petrova and Arina Buzdalova},
	title		= {{NSGA-II} Implementation Details May Influence Quality of Solutions for the Job-Shop Scheduling Problem},
	booktitle	= {Proceedings of Genetic and Evolutionary Computation Conference (Companion)},
	year		= {2014},
	pages		= {1445-1446},
	keywords	= {index:scopus, labauthor:buzdalov, labauthor:buzdalova, labauthor:petrova},
	langid		= {english}
}

@incollection{ lukin-hvc-2014,
	author		= {Mikhail Lukin and Maxim Buzdalov and Anatoly Shalyto},
	title		= {Formal Verification of 800 Genetically Constructed Automata Programs: A Case Study},
	booktitle	= {Proceedings of Haifa Verification Conference},
	series		= {Lecture Notes in Computer Science},
	year		= {2014},
	number		= {8855},
	pages		= {165-170},
	keywords	= {index:scopus, labauthor:buzdalov, labauthor:shalyto},
	langid		= {english}
}

@inproceedings{ chivilikin-exact-and-meta-2014,
	author		= {Daniil Chivilikhin and Vladimir Ulyantsev and Anatoly Shalyto},
	title		= {Combining Exact and Metaheuristic Techniques for Learning Extended Finite State Machines from Test Scenarios and Temporal Properties},
	booktitle	= {Proceedings of International Conference on Machine Learning and Applications},
	year		= {2014},
	pages		= {350-355},
	keywords	= {index:scopus, labauthor:ulyantsev, labauthor:chivilikhin, labauthor:shalyto},
	langid		= {english}
}

@inproceedings{ buzdalova-new-algorithm-2014,
	author		= {Arina Buzdalova and Maxim Buzdalov},
	title		= {A New Algorithm for Adaptive Online Selection of Auxiliary Objectives},
	booktitle	= {Proceedings of International Conference on Machine Learning and Applications},
	year		= {2014},
	pages		= {584-587},
	keywords	= {index:scopus, labauthor:buzdalova, labauthor:buzdalov},
	langid		= {english}
}

@inproceedings{ petrova-improved-selection-non-stationary-2014,
	author		= {Irina Petrova and Arina Buzdalova and Maxim Buzdalov},
	title		= {Improved Selection of Auxiliary Objectives using Reinforcement Learning in Non-Stationary Environment},
	booktitle	= {Proceedings of the 
	International Conference on Machine Learning and Applications},
	year		= {2014},
	pages		= {580-583},
	keywords	= {index:scopus, labauthor:buzdalova, labauthor:buzdalov, labauthor:petrova},
	langid		= {english}
}

@inproceedings{ buzdalov-proteins-cma-2014,
    author		= {Maxim Buzdalov and Sergey Knyazev and Yury Porozov},
    title		= {Protein Conformation Motion Modeling using {sep-CMA-ES}},
    booktitle   = {Proceedings of International Conference on Machine Learning and Applications},
    year        = {2014},
    pages       = {35-40},
    keywords    = {index:scopus, labauthor:buzdalov},
    langid      = {english}
}

@inproceedings{ mironovich-mendel2014,
    author      = {Vladimir Mironovich and Maxim Buzdalov},
    title       = {Generation of Tests against a Greedy Algorithm for the Knapsack Problem using an Evolutionary Algorithm},
    booktitle   = {Proceedings of 20th International Conference on Soft Computing MENDEL 2014},
    address     = {Czech Republic},
    year        = {2014},
    pages       = {77-82},
    langid      = {english},
    keywords    = {labauthor:buzdalov, labauthor:mironovich, index:scopus}
}

@inproceedings{ mironovich-mendel2016,
    author      = {Vladimir Mironovich and Maxim Buzdalov},
    title       = {Comparative Study of Representations in the Maximum Flow Test Generation Problem},
    booktitle   = {Proceedings of 22nd International Conference on Soft Computing MENDEL 2016},
    address     = {Czech Republic},
    year        = {2016},
    pages       = {67-72},
    langid      = {english},
    keywords    = {labauthor:buzdalov, labauthor:mironovich, index:scopus}
}

@incollection{ popova-texts-clustering-2014,
	author		= {Svetlana Popova and Ivan Khodyrev and Irina Ponomareva and Tatiana Krivosheeva},
	title		= {Automatic speech recognition texts clustering},
	booktitle	= {Text, Speech and Dialogue},
	series		= {Lecture Notes in Computer Science},
	number		= {8655},
	year		= {2014},
	pages		= {489-498},
	langid		= {english},
	keywords	= {index:scopus, labauthor:popova}
}

@incollection{ popova-socio-political-2014,
	author		= {Vera Danilova and Svetlana Popova},
	title		= {Socio-Political Event Extraction Using a Rule-Based Approach},
	booktitle	= {On the Move to Meaningful Internet Systems: OTM 2014 Workshops},
	series		= {Lecture Notes in Computer Science},
	number		= {8842},
	year		= {2014},
	pages		= {537-546},
	langid		= {english},
	keywords	= {index:scopus, labauthor:popova}
}

@article{ zadorozhnaya-buzhinsky-tsarev,
	author		= {Olesya Zadorozhnaya and Dmitry Kirsanov and Igor Buzhinsky and Fedor Tsarev and Natalia Abramova and Andrey Bratov and Francesc Javier Mu\~noz and Juan Rib\'od and Jaume Borid and
	               Mari Carmen Riva and Andrey Legin},
	title		= {Water pollution monitoring by an artificial sensory system performing in terms of Vibrio fischeri bacteria},
	journal		= {Sensors and Actuators B: Chemical},
	year		= {2014},
	volume		= {SNB-17340},
	pages		= {560-570},
	langid		= {english},
	keywords	= {index:scopus, index:wos, labauthor:buzhinsky}
}

%%%%%%%%%%%%%%% OTHER PAPERS %%%%%%%%%%%%%%%%%%%%%%%%%%

@inproceedings{ doerr-neumann-sutton-oneplusone-cnf,
    author      = {Benjamin Doerr and Frank Neumann and Andrew M. Sutton},
    title       = {Improved Runtime Bounds for the (1+1) {EA} on Random 3-{CNF} Formulas Based on Fitness-Distance Correlation},
    booktitle   = {Proceedings of Genetic and Evolutionary Computation Conference},
    year        = {2015},
    pages       = {1415-1422},
    langid      = {english}
}

@inproceedings{ sudholt-avm-analysis,
    author      = {Joseph Kempka and Phil McMinn and Dirk Sudholt},
    title       = {A theoretical runtime and empirical analysis of different alternating variable searches for search-based testing},
    booktitle   = {Proceedings of Genetic and Evolutionary Computation Conference},
    year        = {2013},
    pages       = {1445-1452},
    langid      = {english}
}

@article{ sudholt-avm-analysis-thcs,
    author      = {Joseph Kempka and Phil McMinn and Dirk Sudholt},
    title       = {Design and analysis of different alternating variable searches for search-based software testing},
    journal     = {Theoretical Computer Science},
    year        = {2015},
    volume      = {605},
    pages       = {1-20},
    langid      = {english}
}

@article{ adra-fleming-diversity-management,
    author      = {S. Adra and P. Fleming},
    title       = {Diversity management in evolutionary many-objective optimization},
    journal     = {IEEE Transactions on Evolutionary Computation},
    year        = {2011},
    volume      = {15},
    number      = {2},
    pages       = {183-195},
    langid      = {english}
}

@inproceedings{ mopso,
    author      = {Coello Coello, C. A, and M. Lechuga},
    title       = {{MOPSO}: A proposal for multiple objective particle swarm optimization},
    booktitle   = {Proceedings of Congress on Evolutionary Computation},
    year        = {2002},
    pages       = {1051-1056},
    langid      = {english}
}

@incollection{ nekrich-fast-3d-nds,
    author      = {Yakov Nekrich},
    title       = {A Fast Algorithm for Three-Dimensional Layers of Maxima Problem},
    booktitle   = {Algorithms and Data Structures},
    series      = {Lecture Notes in Computer Science},
    number      = {6844},
    pages       = {607-618},
    year        = {2011},
    langid      = {english}
}

@article{ no-free-lunch,
    author      = {Wolpert, D.H. and Macready, W.G.},
    title       = {No Free Lunch Theorems for Optimization},
    journal     = {IEEE Transactions on Evolutionary Computation},
    year        = {1997},
    volume      = {1},
    number      = {1},
    pages       = {67-82},
    langid      = {english}
}

@article{ chvatal-mastermind-83,
    author      = {Vasek Chv{\'{a}}tal},
    title       = {Mastermind},
    journal     = {Combinatorica},
    volume      = {3},
    number      = {3},
    pages       = {325-329},
    year        = {1983},
    langid      = {english}
}

@inproceedings{ numeric-cma-update,
    author      = {Oswin Krause and Christian Igel},
    title       = {A More Efficient Rank-one Covariance Matrix Update for Evolution Strategies},
    booktitle   = {Proceedings of Foundations of Genetic Algorithms XIII},
    year        = {2015},
    pages       = {129-136},
    langid      = {english}
}

@inproceedings{ doerr-doerr-lambda-lambda-fixed-tight,
    year        = {2015},
    booktitle   = {Proceedings of Genetic and Evolutionary Computation Conference},
    title       = {A Tight Runtime Analysis of the $(1+(\lambda, \lambda))$ Genetic Algorithm on OneMax},
    author      = {Benjamin Doerr and Carola Doerr},
    pages       = {1423-1430},
    langid      = {english}
}

@online{ doerr-doerr-lambda-lambda-self-adjustment-arxiv,
    year        = {2015},
    title       = {Optimal Parameter Choices Through Self-Adjustment: Applying the 1/5-th Rule in 
                   Discrete Settings},
    author      = {Benjamin Doerr and Carola Doerr},
    url         = {http://arxiv.org/abs/1504.03212},
    langid      = {english}
}

@inproceedings{ doerr-doerr-lambda-lambda-self-adjustment,
    year        = {2015},
    booktitle   = {Proceedings of Genetic and Evolutionary Computation Conference},
    title       = {Optimal Parameter Choices Through Self-Adjustment: Applying the 1/5-th Rule in 
                   Discrete Settings},
    author      = {Benjamin Doerr and Carola Doerr},
    pages       = {1335-1342},
    langid      = {english}
}

@online{ ben-sasson-planted-cnf,
    author = {Eli Ben-Sasson and Yonatan Bilu and Danny Gutfreund},
    title = {Finding a randomly planted assignment in a random {3CNF}},
    url = {http://www.eecs.harvard.edu/~eli/papers/planted03.ps},
    year = {2002},
    langid = {english}
}

@incollection{ dynamic,
	year        = {2013},
	booktitle   = {Evolutionary Computation for Dynamic Optimization Problems},
    number      = {490},
	series      = {Studies in Computational Intelligence},
	editor      = {Yang, Shengxiang and Yao, Xin},
	title       = {Theoretical Advances in Evolutionary Dynamic Optimization},
	publisher   = {Springer Berlin Heidelberg},
	author      = {Rohlfshagen, Philipp and Lehre, Per Kristian and Yao, Xin},
	pages       = {221-240},
	langid      = {english}
}

@incollection{ doerr-bbc-leadingones,
    author      = {Benjamin Doerr and Carola Winzen},
    title       = {Black-Box Complexity: Breaking the {O}$(n \log n)$ Barrier of {LeadingOnes}},
    booktitle   = {Artificial Evolution},
    series      = {Lecture Notes in Computer Science},
    number      = {7401},
    year        = {2011},
    pages       = {205-216},
    langid      = {english}
}

@inproceedings{ lehre-popul,
    author      = {Dang, Duc-Cuong and Lehre, Per Kristian},
    title       = {Refined Upper Bounds on the Expected Runtime of Non-elitist Populations from Fitness-levels},
    booktitle   = {Proceedings of the 2014 Conference on Genetic and Evolutionary Computation},
    year        = {2014},
    pages       = {1367-1374},
    publisher   = {ACM},
    address     = {New York, NY, USA},
    langid      = {english}
} 

@incollection{ bottcher-leading-ones,
    year        = {2010},
    booktitle   = {Parallel Problem Solving from Nature -- {PPSN} {XI}},
    series      = {Lecture Notes in Computer Science},
    number      = {6238},
    title       = {Optimal Fixed and Adaptive Mutation Rates for the {LeadingOnes} Problem},
    author      = {S\"untje B\"ottcher and Benjamin Doerr and Frank Neumann},
    pages       = {1-10},
    publisher   = {Springer},
    langid      = {english}
}

@article{ ford-fulkerson,
    author      = {Ford Jr., L. R. and D. R. Fulkerson},
    title       = {Maximal flow through a network},
    journal     = {Canadian Journal of Mathematics},
    volume      = {8},
    year        = {1956},
    pages       = {399-404},
    langid      = {english}
}

@article{ mcdiarmid-inequality,
    author      = {Colin McDiarmid},
    title       = {On the Method of Bounded Differences},
    journal     = {Surveys in Combinatorics},
    year        = {1989},
    volume      = {141},
    pages       = {148-188},
    langid      = {english}
}

@article{ ford-fulkerson-fail,
    author      = {Zwick, Uri},
    title       = {The smallest networks on which the Ford-Fulkerson maximum flow procedure may fail to terminate},
    journal     = {Theoretical Computer Science},
    volume      = {148},
    number      = {1},
    year        = {1995},
    pages       = {165-170},
    langid      = {english}
}

@inproceedings{ gabow-bentley-tarjan-scaling,
    author      = {Harold N. Gabow and Jon Louis Bentley and Robert E. Tarjan},
    title       = {Scaling and Related Techniques for Geometry Problems},
    booktitle   = {Proceedings of the sixteenth annual {ACM} symposium on Theory of computing},
    year        = {1984},
    pages       = {135-143},
    langid      = {english}
}

@inproceedings{lehre,
    author      = {Dogan Corus and Duc{-}Cuong Dang and Anton V. Eremeev and Per Kristian Lehre},
    title       = {Level-Based Analysis of Genetic Algorithms and Other Search Processes},
    booktitle   = {Parallel Problem Solving from Nature -- {PPSN} {XIII}},
    series      = {Lecture Notes in Computer Science},
    number      = {8672},
    pages       = {912-921},
    year        = {2014},
    langid      = {english}
}

@proceedings{DBLP:conf/ppsn/2014,
    editor      = {Thomas Bartz{-}Beielstein and J{\"{u}}rgen Branke and Bogdan Filipic and Jim Smith},
    title       = {Parallel Problem Solving from Nature -- {PPSN} {XIII}},
    publisher   = {Springer},
    year        = {2014},
    langid      = {english}
}

@article{ van-emde-boas-tree,
    author      = {Van Emde Boas, P. and Kaas, R. and Zijlstra, E.},
    title       = {Design and implementation of an efficient priority queue},
    journal     = {Mathematical Systems Theory},
    volume      = {10},
    pages       = {99-127},
    year        = {1976},
    langid      = {english}
}

@article{ fenwick-tree,
    author      = {Peter M. Fenwick},
    year        = {1994},
    title       = {A new data structure for cumulative frequency tables},
    journal     = {Software: Practice and Experience},
    volume      = {24},
    number      = {3},
    pages       = {327-336},
    langid      = {english}
}

@incollection{ nsga-ii-steady-state,
    year        = {2009},
    booktitle   = {Nature-Inspired Algorithms for Optimisation},
    number      = {193},
    series      = {Studies in Computational Intelligence},
    title       = {On the Effect of Applying a Steady-State Selection Scheme in the Multi-Objective Genetic Algorithm {NSGA}-{II}},
    publisher   = {Springer Berlin Heidelberg},
    author      = {Nebro, Antonio J. and Durillo, Juan J.},
    pages       = {435-456},
    langid      = {english}
}

@inproceedings{ goldman-punch-ppp,
    author      = {B. W. Goldman and W. F. Punch},
    title       = {Parameter-less Population Pyramid},
    booktitle   = {Proceedings of Genetic and Evolutionary Computation Conference},
    year        = {2014},
    pages       = {785-792},
    langid      = {english}
}

@inproceedings{ witt-oneplusone,
    year        = {2012},
    booktitle   = {Proceedings of the 29th Annual Symposium on Theoretical Aspects of Computer Science},
    pages       = {420-431},
    author      = {Witt, Carsten},
    title       = {Optimizing Linear Functions with Randomized Search Heuristics -- the Robustness of Mutation},
    langid      = {english}
}

@article{ witt-muplusone,
    year        = {2006},
    title       = {Runtime Analysis of the $(\mu+1)$ {EA} on Simple Pseudo-{B}oolean Functions},
    journal     = {Evolutionary Computation},
    author      = {Carstenn Witt},
    volume      = {14},
    number      = {1},
    pages       = {65-86},
    langid      = {english}
}

@book{ bellman,
    author      = {R. E. Bellman},
    title       = {Dynamic Programming},
    address     = {Princeton, NJ},
    publisher   = {Princeton University Press},
    numpages    = {342},
    pagetotal   = {342},
    year        = {1957},
    langid      = {english}
}

@incollection{ ibea,
    author      = {Eckart Zitzler and Simon K{\"u}nzli},
    title       = {Indicator-Based Selection in Multiobjective Search},
    booktitle   = {Parallel Problem Solving from Nature -- {PPSN} {VIII}},
    series      = {Lecture Notes in Computer Science},
    number      = {3242},
    pages       = {832-842},
    year        = {2004},
    langid      = {english}
}

@article{ epsilon-indicator,
    author      = {E. Zitzler and L. Thiele and M. Laumanns and C. M. Fonseca and Grunert da Fonseca, V.},
    title       = {Performance assessment of multiobjective optimizers: An analysis and review},
    journal     = {IEEE Transactions on Evolutionary Computation},
    volume      = {7},
    number      = {2},
    pages       = {117-132},
    year        = {2003},
    langid      = {english}
}

@inproceedings{ spea2,
    author      = {Zitzler, E. and Laumanns, M. and Thiele, L.},
    booktitle   = {Proceedings of the EUROGEN'2001 Conference},
    pages       = {95-100},
    title       = {{SPEA2}: Improving the Strength Pareto Evolutionary Algorithm for Multiobjective Optimization},
    year        = {2001},
    langid      = {english}
}

@incollection{ pesa,
    author      = {David W. Corne and Joshua D. Knowles and Martin J. Oates},
    title       = {The {P}areto Envelope-based Selection Algorithm for Multiobjective Optimization},
    booktitle   = {Parallel Problem Solving from Nature -- {PPSN} {VI}},
    series      = {Lecture Notes in Computer Science},
    number      = {1917},
    year        = {2000},
    pages       = {839-848},
    publisher   = {Springer},
    langid      = {english}
}

@inproceedings{ pesa-ii,
    author      = {David W. Corne and Nick R. Jerram and Joshua D. Knowles and Martin J. Oates},
    title       = {{PESA}-{II}: Region-based Selection in Evolutionary Multiobjective Optimization},
    booktitle   = {Proceedings of Genetic and Evolutionary Computation Conference},
    year        = {2001},
    pages       = {283-290},
    publisher   = {Morgan Kaufmann Publishers},
    langid      = {english}
}

@article{ paes,
    author      = {Knowles, Joshua D. and Corne, David W.},
    title       = {Approximating the Nondominated Front Using the {P}areto Archived Evolution Strategy},
    journal     = {Evolutionary Computation},
    volume      = {8},
    number      = {2},
    year        = {2000},
    pages       = {149-172},
    publisher   = {MIT Press},
    langid      = {english}
} 
                
@inproceedings{ pde,
    author      = {Hussein A. Abbass and Ruhul Sarker and Charles Newton},
    title       = {{PDE}: A {P}areto Frontier Differential Evolution Approach for Multiobjective Optimization Problems},
    booktitle   = {Proceedings of the Congress on Evolutionary Computation},
    year        = {2001},
    pages       = {971-978},
    publisher   = {IEEE Press},
    langid      = {english}
}

@article{ bentley,
    author      = {Bentley, Jon Louis},
    title       = {Multidimensional Divide-and-conquer},
    journal     = {Communications of ACM},
    volume      = {23},
    number      = {4},
    year        = {1980},
    pages       = {214-229},
    langid      = {english}
} 

@inproceedings{louis,
    author      = {Sushil J. Louis and Gregory J. E. Rawlins},
    title       = {Pareto Optimality GA -- Easiness and Deception (Extended Abstract)},
    booktitle   = {Proceedings of the 5th International Conference on Genetic Algorithms},
    year        = {1993},
    pages       = {118-123},
    langid      = {english}
}

@inproceedings{bbob,
    author      = {Thanh-Do Tran and Dimo Brockhoff and Bilel Derbel},
    title       = {Multiobjectivization with {NSGA}-{II} on the noiseless {BBOB} testbed},
    booktitle   = {Proceedings of Genetic and Evolutionary Computation Conference Companion},
    year        = {2013},
    pages       = {1217-1224},
    langid      = {english}
}

@article{ jensen,
    author      = {Jensen, M. T.},
    title       = {Reducing the Run-time Complexity of Multiobjective {EA}s: The {NSGA}-{II} and Other Algorithms},
    journal     = {IEEE Transactions on Evolutionary Computation},
    volume      = {7},
    number      = {5},
    year        = {2003},
    pages       = {503-515},
    publisher   = {IEEE Press},
    langid      = {english}
} 

@inproceedings{ fortin,
    author      = {Fortin, F{\'e}lix-Antoine and Grenier, Simon and Parizeau, Marc},
    title       = {Generalizing the Improved Run-time Complexity Algorithm for Non-dominated Sorting},
    booktitle   = {Proceedings of Genetic and Evolutionary Computation Conference},
    year        = {2013},
    pages       = {615-622},
    publisher   = {ACM},
    langid      = {english}
} 

@inproceedings{ glasmachers-async-nes,
    author      = {Tobias Glasmachers},
    title       = {A Natural Evolution Strategy with Asynchronous Strategy Updates},
    booktitle   = {Proceedings of Genetic and Evolutionary Computation Conference},
    year        = {2013},
    pages       = {431-437},
    publisher   = {ACM},
    langid      = {english}
} 

@inproceedings{ lm-cma-es,
    author      = {Ilya Loshchilov},
    title       = {A Computationally Efficient Limited Memory {CMA}-{ES} for Large Scale Optimization},
    booktitle   = {Proceedings of Genetic and Evolutionary Computation Conference},
    year        = {2014},
    pages       = {397-404},
    publisher   = {ACM},
    langid      = {english}
} 

@inproceedings{ deb-selection-foga91,
    author      = {D. E. Goldberg and K. Deb},
    title       = {A Comparison of Selection Schemes Used in Genetic Algorithms},
    booktitle   = {Foundations of Genetic Algorithms},
    pages       = {69-93},
    year        = {1991},
    langid      = {english}
}

@inproceedings{ goldberg-emo-sharing,
    author      = {D.E.Goldberg and J.Richardson},
    title       = {Genetic Algorithm with Sharing for Multi-modal Function Optimization},
    booktitle   = {Proceedings of International Conference on Genetic Algorithms},
    pages       = {41-49},
    year        = {1987},
    langid      = {english}
}

@article{ morse-pruning-by-clustering,
    author      = {J. Morse},
    title       = {Reducing the size of the nondominated set: Pruning by clustering},
    journal     = {Computers and Operations Research},
    volume      = {7},
    number      = {1-2},
    pages       = {55-66},
    year        = {1980},
    langid      = {english}
}

@incollection{ micro-ga,
    author      = {Coello Coello, C.A. and Toscano Pulido, G.},
    title       = {A Micro-Genetic Algorithm for Multiobjective Optimization},
    booktitle   = {Proceedings of International Conference on Evolutionary Multi-Criterion Optimization},
    series      = {Lecture Notes in Computer Science},
    number      = {1993},
    pages       = {126-140},
    year        = {2001},
    langid      = {english}
}

@incollection{ micro-ga-2,
    author      = {Toscano Pulido, G. and Coello Coello, C.A.},
    title       = {The Micro-Genetic Algorithm 2: Towards Online Adaptation in Multiobjective Optimization},
    booktitle   = {Proceedings of International Conference on Evolutionary Multi-Criterion Optimization},
    series      = {Lecture Notes in Computer Science},
    number      = {2632},
    pages       = {252-266},
    year        = {2003},
    langid      = {english}
}

@inproceedings{ npga,
    author      = {J. Horn and N. Nafpliotis and D.E.Goldberg},
    title       = {A Niched {P}areto Genetic Algorithm for Multiobjective Optimization},
    booktitle   = {Proceedings of IEEE Conference on Evolutionary Computation},
    volume      = {1},
    pages       = {82-87},
    year        = {1994},
    langid      = {english}
}

@incollection{ npga2,
    author      = {M. Erickson and A. Mayer and J. Horn},
    title       = {The Niched {P}areto Genetic Algorithm 2 Applied to the Design of Groundwater Remediation Systems},
    booktitle   = {Proceedings of International Conference on Evolutionary Multi-Criterion Optimization},
    pages       = {681-695},
    series      = {Lecture Notes in Computer Science},
    number      = {1993},
    year        = {2001},
    langid      = {english}
}

@article{ nsga,
    author      = {N. Srinivas and Kalyanmoy Deb},
    title       = {Multiobjective Optimization Using Nondominated Sorting in Genetic Algorithms},
    journal     = {Evolutionary Computation},
    volume      = {2},
    number      = {3},
    pages       = {221-248},
    year        = {1994},
    langid      = {english}
}

@article{ nsga-ii,
    author      = {Kalyanmoy Deb and Amrit Pratap and Sameer Agarwal and T. Meyarivan},
    title       = {A Fast and Elitist Multi-Objective Genetic Algorithm: {NSGA}-{II}},
    journal     = {IEEE Transactions on Evolutionary Computation},
    year        = {2002},
    volume      = {6},
	number      = {2},
    pages       = {182-197},
    publisher   = {IEEE Press},
    langid      = {english}
}

@article{ nsga-iii,
    author      = {Deb, Kalyanmoy and Jain, Himanshu},
    title       = {An Evolutionary Many-Objective Optimization Algorithm Using Reference-Point-Based Nondominated Sorting Approach, Part {I}: Solving Problems With Box Constraints},
    journal     = {IEEE Transactions on Evolutionary Computation},
    year        = {2013},
    volume      = {18},
    number      = {4},
    pages       = {577-601},
    publisher   = {IEEE Press},
    langid      = {english}
}

@article{nsgaii-simple,
    author      = {Rio G. L. D'Souza and
                     K. Chandra Sekaran and
                     A. Kandasamy},
    title       = {Improved {NSGA-II} Based on a Novel Ranking Scheme},
    journal     = {Computing Research Repository},
    volume      = {abs/1002.4005},
    year        = {2010},
	langid      = {english}
}

@article{ gosavi,
    author      = {Abhijit Gosavi},
    title       = {Reinforcement Learning: A Tutorial. Survey and Recent Advances},
    journal     = {INFORMS Journal on Computing},
    volume      = {21},
    number      = {2},
    year        = {2009},
    pages       = {178-192},
    langid      = {english}
}

@article{ oliveto,
    year        = {2007},
    journal     = {International Journal of Automation and Computing},
    volume      = {4},
    number      = {3},
    title       = {Time Complexity of Evolutionary Algorithms for Combinatorial Optimization: A Decade of Results},
    publisher   = {Institute of Automation, Chinese Academy of Sciences},
    author      = {Oliveto, Pietro S. and He, Jun and Yao, Xin},
    pages       = {281-293},
    langid      = {english}
}

@book{ sutton,
    author      = {R. S. Sutton and A. G. Barto},
    title       = {Reinforcement Learning: An Introduction},
    publisher   = {MIT Press},
    address     = {Cambridge, MA, USA},
    year        = {1998},
    langid      = {english}
}

@article{ survey,
    author      = {L. P. Kaelbling and M. L. Littman and A. W. Moore},
    title       = {Reinforcement Learning: A Survey},
    journal     = {Journal of Artificial Intelligence Research},
    volume      = {4},
    year        = {1996},
    pages       = {237-285},
    langid      = {english}
}

@inproceedings{ job-shop,
    author      = {Darrell F. Lochtefeld and Frank W. Ciarallo},
    title       = {Deterministic Helper-Objective Sequences Applied to {J}ob-{S}hop Scheduling},
    booktitle   = {Proceedings of Genetic and Evolutionary Computation Conference},
    year        = {2010},
    pages       = {431-438},  
    publisher   = {ACM},
    langid      = {english}
}

@article{ job-shop-later,
    author      = {Darrell F. Lochtefeld and Frank W. Ciarallo},
    title       = {Helper-Objective Optimization Strategies for the {J}ob-{S}hop Scheduling Problem},
    journal     = {Applied Soft Computing},
    volume      = {11},
    number      = {6},
    year        = {2011},
    pages       = {4161-4174},
    langid      = {english}
}

@article{ jsBP,
    author      = {Christian Bierwirth},
    title       = {A Generalized Permutation Approach to Job Shop Scheduling with Genetic Algorithms},
    journal     = {OR Spektrum},
    year        = {1995},
    volume      = {17},
    pages       = {87--92},
	langid      = {english}
}
                                               
@article{ helpers,
    author      = {Mikkel T. Jensen},
    title       = {Helper-Objectives: Using Multi-Objective Evolutionary Algorithms for Single-Objective Optimisation: Evolutionary Computation Combinatorial Optimization},
    journal     = {Journal of Mathematical Modelling and Algorithms},
    volume      = {3},
    number      = {4},
    year        = {2004},
    pages       = {323-347},
    langid      = {english}
}

@inproceedings{ mh-iff,
    author      = {J. D. Knowles and R. A. Watson and D. Corne},
    title       = {Reducing Local Optima in Single-Objective Problems by Multi-objectivization},
    booktitle   = {Proceedings of the First International Conference on Evolutionary Multi-Criterion Optimization},
    year        = {2001},
    pages       = {269-283},
    publisher   = {Springer-Verlag},
    langid      = {english}
}

@article{h-iff,
    author      = {Watson, R. A. and Pollack, J. B.},
    title       = {Analysis of recombinative algorithms on a hierarchical building-block problem. In Foundations of Genetic Algorithms},
    journal     = {Foundations of Genetic Algorithms (FOGA)},
    year        = {2000},
    langid      = {english}
} 

@article{ mz-theory2,
    author      = {Frank Neumann and Ingo Wegener},
    title       = {Minimum Spanning Trees Made Easier via Multi-objective Optimization},
    journal     = {Natural Computing},
    volume      = {5},
    number      = {3},
    year        = {2006},
    pages       = {305-319},
    langid      = {english}
}

@incollection{ mz-theory3,
    author      = {Julia Handl and Simon C. Lovell and Joshua D. Knowles},
    title       = {Multiobjectivization by Decomposition of Scalar Cost Functions},
    booktitle   = {Parallel Problem Solving from Nature -- {PPSN} {X}},
    series      = {Lecture Notes in Computer Science},
    number      = {5199},
    year        = {2008},
    pages       = {31-40},
    publisher   = {Springer},
    langid      = {english}
}

@article{ brockhoff,
    author      = {Dimo Brockhoff and Tobias Friedrich and Nils Hebbinghaus and Christian Klein and  Frank Neumann and Eckart Zitzler},
    title       = {On the Effects of Adding Objectives to Plateau Functions},
    journal     = {IEEE Transactions on Evolutionary Computation},
    volume      = {13},
    number      = {3},
    year        = {2009},
    pages       = {591-603},
    publisher   = {IEEE},
    langid      = {english}
}

@incollection{ neumann,
    year        = {2008},
    booktitle   = {Multiobjective Problem Solving from Nature},
    series      = {Natural Computing Series},
    title       = {Can Single-Objective Optimization Profit from Multiobjective Optimization?},
    publisher   = {Springer Berlin Heidelberg},
    author      = {Neumann, Frank and Wegener, Ingo},
    pages       = {115-130},
    langid      = {english}
}

@article{ jansen-crossover,
    author      = {Thomas Jansen and Ingo Wegener},
    title       = {The Analysis of Evolutionary Algorithms--A Proof that Crossover Really Can Help},
    journal     = {Algorithmica},
    year        = {2002},
    volume      = {34},
    pages       = {47-66},
    langid      = {english}
}

@article{ storch-royal-roads,
    author      = {Tobias Storch and Ingo Wegener},
    title       = {Real royal road functions for constant population size},
    journal     = {Theoretical Computer Science},
    year        = {2004},
    volume      = {320},
    number      = {1},
    pages       = {123-134},
    langid      = {english}
}

@article{ diversity-preserving-mechanisms,
    author      = {Tobias Friedrich and Pietro S. Oliveto and Dirk Sudholt and Carsten Witt},
    title       = {Analysis of Diversity Preserving Mechanisms for Global Exploration},
    journal     = {Evolutionary Computation},
    year        = {2009},
    volume      = {17},
    number      = {4},
    pages       = {455-476},
    langid      = {english}
}

@incollection{ decomp,
    year        = {2008},
    booktitle   = {Parallel Problem Solving from Nature -- {PPSN} {X}},
    series      = {Lecture Notes in Computer Science},
    number      = {5199},
    editor      = {Rudolph, Gunter and Jansen, Thomas and Lucas, Simon and Poloni, Carlo and Beume, Nicola},
    title       = {Multiobjectivization by Decomposition of Scalar Cost Functions},
    publisher   = {Springer},
    author      = {Handl, Julia and Lovell, SimonC. and Knowles, Joshua},
    pages       = {31-40},
    langid      = {english}
}

@book{ multiEvol,
    title       = {Multi-objective Optimization Using Evolutionary Algorithms},
    author      = {Deb, K.},
    year        = {2001},
    publisher   = {John Wiley \& Sons},
    langid      = {english}
}

@book{ multicriteria,
    title       = {Multicriteria Optimization},
    author      = {Ehrgott, M.},
    year        = {2005},
    publisher   = {Springer},
    langid      = {english}
}

@book{ mitchell-ga,
    author      = {M. Mitchell},
    title       = {An Introduction to Genetic Algorithms},
    publisher   = {MIT Press},
    address     = {Cambridge, MA},
    year        = {1996},
    numpages    = {221},
    pagetotal   = {221},
    langid      = {english}
}

@book{ mitchell-ml,
    author      = {T. M. Mitchell},
    title       = {Machine Learning},
    publisher   = {McGraw Hill},
    year        = {1997},
    langid      = {english}
}

@inproceedings{ delayed,
    author      = {Alexander L. Strehl and Lihong Li and Eric Wiewiora and John Langford and Michael L. Littman},
    title       = {{PAC} Model-free Reinforcement Learning},
    booktitle   = {Proceedings of the 23rd International Conference on Machine Learning},
    year        = {2006},
    pages       = {881-888},
    langid      = {english}
}

@inproceedings{ non-stationary,
    author      = {Bruno C. Da Silva and Eduardo W. Basso and Ana L. C. Bazzan and Paulo M. Engel},
    title       = {Dealing with Non-stationary Environments Using Context Detection},
    booktitle   = {Proceedings of the 23rd International Conference on Machine Learning},
    year        = {2006},
    pages       = {217-224},
    publisher   = {ACM Press},
    langid      = {english}
}

@inproceedings{ r-learning,
    author      = {Anton Schwartz},
    title       = {A Reinforcement Learning Method for Maximizing Undiscounted Rewards},
    booktitle   = {Proceedings of the Tenth International Conference on Machine Learning},
    pages       = {298-305},
    year        = {1993},
    langid      = {english}
}

@inproceedings{ ea-rl,
    author      = {A. E. Eiben and M. Horvath and  W. Kowalczyk and  M. C. Schut},
    title       = {Reinforcement Learning for Online Control of Evolutionary Algorithms},
    booktitle   = {Proceedings of the 4th international conference on Engineering self-organising systems},
    year        = {2006},
    publisher   = {Springer-Verlag, Berlin, Heidelberg},
    pages       = {151-160},
    langid      = {english}
}

@inproceedings{ es-rl,
    author      = {S. Mueller and N. N. Schraudolph and P. D. Koumoutsakos},
    title       = {Step Size Adaptation in Evolution Strategies using Reinforcement Learning},
    booktitle   = {Proceedings of the Congress on Evolutionary Computation},
    year        = {2002},
    publisher   = {IEEE},
    pages       = {151-156},
    langid      = {english}
}

@incollection{ bars,
    year        = {2007},
    booktitle   = {Evolutionary Multi-Criterion Optimization},
    series      = {Lecture Notes in Computer Science},
    number      = {4403},
    editor      = {Obayashi, Shigeru and Deb, Kalyanmoy and Poloni, Carlo and Hiroyasu, Tomoyuki and Murata, Tadahiko},
    title       = {Improving Computational Mechanics Optimum Design Using Helper Objectives: An Application in Frame Bar Structures},
    publisher   = {Springer Berlin Heidelberg},
    author      = {Greiner, David and Emperador, JoseM. and Winter, Gabriel and Galvan, Blas},
    pages       = {575-589},
    langid      = {english}
}

@inproceedings{ param-control-rl, 
    author      = {Sakurai, Y. and Takada, K. and Kawabe, T. and Tsuruta, S.}, 
    booktitle   = {Proceedings of 2010 Sixth International Conference on Signal-Image Technology and Internet-Based Systems (SITIS)}, 
    title       = {A Method to Control Parameters of Evolutionary Algorithms by Using Reinforcement Learning}, 
    year        = {2010}, 
    pages       = {74-79},
    langid      = {english}
}

@inproceedings{ op,
    author      = {Pettinger, James E. and Everson, Richard M.},
    title       = {{C}ontrolling {G}enetic {A}lgorithms with {R}einforcement {L}earning},
    booktitle   = {Proceedings of Genetic and Evolutionary Computation Conference},
    year        = {2002},
    pages       = {692},
    publisher   = {Morgan Kaufmann Publishers Inc.},
    address     = {San Francisco, CA, USA},
    langid      = {english}
} 

@article{ c-1,
    year        = {1992},
    journal     = {Machine Learning},
    volume      = {8},
    number      = {3-4},
    title       = {{T}echnical {N}ote: {Q}-{L}earning},
    publisher   = {Kluwer Academic Publishers -- Plenum Publishers},
    author      = {Watkins, Christopher J. C. H. and Dayan, Peter},
    pages       = {279-292},
    langid      = {english}
}

@article{ c-2,
    author      = {Singh, Satinder and Jaakkola, Tommi and Littman, Michael L. and Szepesv\'{a}ri, Csaba},
    title       = {{C}onvergence {R}esults for {S}ingle-{S}tep {O}n-{P}olicy {R}einforcement {L}earning {A}lgorithms},
    journal     = {Machine Learning},
    volume      = {38},
    number      = {3},
    year        = {2000},
    pages       = {287-308},
    numpages    = {22},
    pagetotal   = {22},
    publisher   = {Kluwer Academic Publishers},
    address     = {Hingham, MA, USA},
    langid      = {english}
} 

@article{ cr-3,
    author      = {Even-Dar, Eyal and Mansour, Yishay},
    title       = {{L}earning {R}ates for {Q}-learning},
    journal     = {Journal of Machine Learning Research},
    volume      = {5},
    year        = {2004},
    pages       = {1-25},
    numpages    = {25},
    pagetotal   = {25},
    langid      = {english}
} 

@inproceedings{ cr-2,
    author      = {Kearns, Michael and Singh, Satinder},
    title       = {{F}inite-{S}ample {C}onvergence {R}ates for {Q}-learning and {I}ndirect {A}lgorithms},
    booktitle   = {Proceedings of the 1998 conference on Advances in neural information processing systems II},
    year        = {1999},
    pages       = {996-1002},
    publisher   = {MIT Press},
    address     = {Cambridge, MA, USA},
    langid      = {english}
} 

@inproceedings{ cr-1,
    author      = {Szepesv\'{a}ri, Csaba},
    title       = {{T}he {A}symptotic {C}onvergence {R}ate of {Q}-learning},
    booktitle   = {Proceedings of the 1997 conference on Advances in neural information processing systems 10},
    series      = {NIPS '97},
    year        = {1998},
    location    = {Denver, Colorado, USA},
    pages       = {1064-1070},
    publisher   = {MIT Press},
    address     = {Cambridge, MA, USA},
    langid      = {english}
} 

@inproceedings{ fonseca-moga,
    author      = {C. M. Fonseca and P. J. Fleming},
    title       = {Nonlinear System Identification with Multiobjective Genetic Algorithm},
    booktitle   = {Proceedings of the World Congress of the International Federation of Automatic Control},
    pages       = {187-192},
    year        = {1996},
    langid      = {english}
}

@incollection{ adjusting,
    author      = {A. E. Eiben and Zbigniew Michalewicz and Marc Schoenauer and J. E. Smith},
    title       = {{P}arameter {C}ontrol in {E}volutionary {A}lgorithms},
    booktitle   = {Parameter Setting in Evolutionary Algorithms},
    year        = {2007},
    pages       = {19-46},
    langid      = {english}
}

@inproceedings{ alander-1996, 
    author      = {Jarmo T. Alander and Timo Mantere and Pekka Turunen and Jari Virolainen}, 
    title       = {{GA} in {P}rogram {T}esting}, 
    booktitle   = {Proceedings of the 2nd Nordic Workshop on Genetic Algorithms and their Applications}, 
    year        = {1996}, 
    address     = {Vaasa, Finland}, 
    pages       = {205-210},
    langid      = {english}
}

@inproceedings{ alander-1997a, 
    author      = {Jarmo T. Alander and Timo Mantere and Pekka Turunen}, 
    title       = {{G}enetic {A}lgorithm based {S}oftware {T}esting}, 
    booktitle   = {Proceedings of the 3rd International Conference on Artificial Neural Networks and Genetic Algorithms}, 
    year        = {1997}, 
    address     = {Norwich, UK}, 
    pages       = {325-328},
    langid      = {english}
}

@inproceedings{ alander-1997b,
    author      = {Jarmo T. Alander and Timo Mantere and Ghodrat Moghadampour},
    title       = {{T}esting {S}oftware {R}esponse {T}imes {U}sing a {G}enetic {A}lgorithm},
    booktitle   = {Proceedings of the 3rd Nordic Workshop on Genetic Algorithms and their Applications},
    year        = {1997},
    pages       = {293-298},
    langid      = {english}
}

@article{ alander-1998,
    title       = {{S}earching {P}rotection {R}elay {R}esponse {T}ime {E}xtremes using {G}enetic {A}lgorithm -- {S}oftware {Q}uality by {O}ptimization},
    journal     = {Electric Power Systems Research},
    volume      = {46},
    number      = {3},
    pages       = {229-233},
    year        = {1998},
    author      = {Jarmo T. Alander and Timo Mantere and Ghodrat Moghadampour and Jukka Matila},
    langid      = {english}
}

@phdthesis{ tsarev-phd,
	title		= {Методы построения конечных автоматов на основе эволюционных алгоритмов},
	author		= {Федор Николаевич Царев},
	school		= {НИУ ИТМО},
	month		= {12},
	year		= {2012},
	langid		= {russian}
}

@phdthesis{ gross-phd,
    title       = {{M}easuring {E}volutionary {T}estability of {R}eal-{T}ime {S}oftware},
    author      = {Gross, Hans-Gerhard},
    school      = {University of Glamorgan},
    month       = {6},
    year        = {2000},
    langid      = {english}
}

@article{ gross-2000,
    author      = {Hans-Gerhard Gross and Bryan F. Jones and David E. Eyres},
    title       = {{S}tructural {P}erformance {M}easure of {E}volutionary {T}esting {A}pplied to {W}orst-{C}ase {T}iming of {R}eal-{T}ime {S}ystems},
    journal     = {IEEE Proceedings -- Software},
    volume      = {147},
    number      = {2},
    year        = {2000},
    pages       = {25-30},
    langid      = {english}
}

@article{ gross-2001,
    title       = {{A} {P}rediction {S}ystem for {E}volutionary {T}estability {A}pplied to {D}ynamic {E}xecution {T}ime {A}nalysis},
    journal     = {Information and Software Technology},
    volume      = {43},
    number      = {14},
    pages       = {855-862},
    year        = {2001},
    author      = {Gross, Hans-Gerhard},
    langid      = {english}
}

@inproceedings{ gross-2002, 
    author      = {Hans-Gerhard Gross and Nikolas Mayer}, 
    title       = {{E}volutionary {T}esting in {C}omponent-based {R}eal-{T}ime {S}ystem {C}onstruction}, 
    booktitle   = {Proceedings of Genetic and Evolutionary Computation Conference}, 
    year        = {2002}, 
    pages       = {207-214},
    langid      = {english}
}

@inproceedings{ gross-2003,
    author      = {Hans-Gerhard Gross and Nikolas Mayer}, 
    title       = {{S}earch-based {E}xecution-{T}ime {V}erification in {O}bject-{O}riented and {C}omponent-{B}ased {R}eal-{T}ime {S}ystem {D}evelopment}, 
    booktitle   = {Proceedings of the 8th IEEE International Workshop on Object-Oriented Real-Time Dependable Systems}, 
    year        = {2003}, 
    pages       = {113-120},
    langid      = {english}
}

@article{ wegener-1997a,
    author      = {Joachim Wegener and Harmen Sthamer and Bryan F. Jones and David E. Eyres},
    title       = {{T}esting {R}eal-{T}ime {S}ystems using {G}enetic {A}lgorithms},
    journal     = {Software Quality Journal},
    volume      = {6},
    number      = {2},
    year        = {1997},
    pages       = {127-135},
    langid      = {english}
}

@article{ wegener-2001,
    author      = {Joachim Wegener and Frank Mueller},
    title       = {{A} {C}omparison of {S}tatic {A}nalysis and {E}volutionary {T}esting for the {V}erification of {T}iming {C}onstraints},
    journal     = {Real-Time Systems},
    volume      = {21},
    number      = {3},
    year        = {2001},
    pages       = {241-268},
    langid      = {english}
}

@inproceedings{ tlili-2006,
    author      = {Marouane Tlili and Stefan Wappler and Harmen Sthamer},
    title       = {{I}mproving {E}volutionary {R}eal-{T}ime {T}esting},
    booktitle   = {Proceedings of Genetic and Evolutionary Computation Conference},
    year        = {2006},
    pages       = {1917-1924},
    publisher   = {ACM},
    langid      = {english}
}

@inproceedings{ moreno-scott-2012,
    author      = {Moreno-Scott, Jorge H. and Ort\'{\i}z-Bayliss, Jose Carlos and Terashima-Mar\'{\i}n, Hugo and Conant-Pablos, Santiago Enrique},
    title       = {{C}hallenging {H}euristics: {E}volving {B}inary {C}onstraint {S}atisfaction {P}roblems},
    booktitle   = {Proceedings of Genetic and Evolutionary Computation Conference},
    year        = {2012},
    pages       = {409-416},
    publisher   = {ACM},
    langid      = {english}
} 

@book{ parr-antlr,
    author      = {Parr, Terence},
    title       = {{T}he {D}efinitive {ANTLR} {R}eference: {B}uilding {D}omain-{S}pecific {L}anguages},
    year        = {2007},
    publisher   = {Pragmatic Bookshelf},
    langid      = {english}
} 

@online{ timus,
    title       = {Timus {O}nline {J}udge. The Problem Archive with
Online Judge System},
    url         = {http://acm.timus.ru},
    howpublished= {http://acm.timus.ru},
    langid      = {english}
}

@online{ timus-ru,
    title       = {Timus {O}nline {J}udge. Архив задач с проверяющей системой},
    url         = {http://acm.timus.ru},
    howpublished= {http://acm.timus.ru},
    langid      = {russian}
}

@online{ timus-1115-ru,
    title       = {Задача <<{S}hips>> из архива задач {T}imus {O}nline {J}udge},
    url         = {http://acm.timus.ru/problem.aspx?num=1115},
    langid      = {russian}
}

@online{ timus-1394-ru,
    title       = {Задача <<{S}hips. {V}ersion 2>> из архива задач {T}imus {O}nline {J}udge},
    url         = {http://acm.timus.ru/problem.aspx?num=1394},
    howpublished= {http://acm.timus.ru/problem.aspx?num=1394},
    langid      = {russian}
}

@online{ timus-1695-ru,
    title       = {Задача <<{W}ork for {R}obots>> из архива задач {T}imus {O}nline {J}udge},
    url         = {http://acm.timus.ru/problem.aspx?num=1695},
    howpublished= {http://acm.timus.ru/problem.aspx?num=1695},
    langid      = {russian}
}

@online{ timus-1394,
    title       = {{T}imus {O}nline {J}udge. {P}roblem ``{S}hips. {V}ersion 2''},
    url         = {http://acm.timus.ru/problem.aspx?num=1394},
    langid      = {english}
}

@online{ verhoeff-guidelines,
    author      = {Tom Verhoeff},
    title       = {Guidelines for Producing a Programming-Contest Problem Set},
    url         = {http://www.win.tue.nl/~wstomv/publications/guidelines.html},
    langid      = {english}
}

@phdthesis{ pisinger,
    author      = {David Pisinger},
    title       = {{A}lgorithms for {K}napsack {P}roblems},
    school      = {University of Copenhagen},
    year        = {1995},
    month       = {2},
    langid      = {english}
}

@article{ pdb-at-40,
    author      = {Helen M. Berman and Gerard J. Kleywegt and Haruki Nakamura and John L. Markley},
    title       = {{T}he {P}rotein {D}ata {B}ank at 40: {R}eflecting on the {P}ast to {P}repare for the {F}uture},
    journal     = {Structure},
    volume      = {20},
    number      = {3},
    pages       = {391-396},
    year        = {2012},
    langid      = {english}
}

@article{ dynamics-of-proteins,
    author      = {Bahar, Ivet and Lezon, Timothy R. and Yang, Lee-Wei W. and Eyal, Eran},
    journal     = {Annual review of biophysics},
    number      = {1},
    pages       = {23-42},
    title       = {{G}lobal {D}ynamics of {P}roteins: {B}ridging {B}etween {S}tructure and {F}unction},
    volume      = {39},
    year        = {2010},
    langid      = {english}
}

@article{ simplified-protein-representation,
    author      = {Levitt, Michael},
    journal     = {Journal of Molecular Biology},
    number      = {1},
    pages       = {59-107},
    title       = {{A} {S}implified {R}epresentation of {P}rotein {C}onformations for {R}apid {S}imulation of {P}rotein {F}olding},
    volume      = {104},
    year        = {1976},
    langid      = {english}
}

@article{ torsion-to-cartesian,
    author      = {Parsons, Jerod and Holmes, J. Bradley and Rojas, J. Maurice and Tsai, Jerry and Strauss, Charlie E. M.},
    journal     = {Journal of Computational Chemistry},
    number      = {10},
    pages       = {1063-1068},
    title       = {{P}ractical {C}onversion from {T}orsion {S}pace to {C}artesian {S}pace for {I}n {S}ilico {P}rotein {S}ynthesis},
    volume      = {26},
    year        = {2005},
    langid      = {english}
}

@article{ cartesian-tree,
	author		= {Jean Vuillemin},
	title		= {A Unifying Look at Data Structures},
	journal		= {Communications of ACM},
	volume		= {23},
	number		= {4},
	pages		= {229-239},
	year		= {1980},
	langid		= {english}
}

@inproceedings{ umut-dynamizing-static-algorithms,
    author      = {Acar, U. and Blelloch, G. and Harper, R. and Vittes, J. and Woo, S.},
    year        = {2004},
    title       = {Dynamizing Static Algorithms with Applications to Dynamic Trees and History Independence},
    booktitle   = {Proceedings of SODA},
    pages       = {531-540},
    langid      = {english}
}

@article{ splay-tree,
	author		= {Daniel D. Sleator and Robert E. Tarjan},
	title		= {Self-Adjusting Binary Search Trees},
	journal		= {Journal of ACM},
	volume		= {32},
	number		= {3},
	pages		= {652-686},
	year		= {1985},
	langid		= {english}
}

@article{ link-cut-tree,
    author      = {Sleator, D. D. and Tarjan, R. E.},
    year        = {1983},
    title       = {A data structure for dynamic trees},
    journal     = {Journal of Computer and System Sciences},
    volume      = {26},
    number      = {3},
    pages       = {362-391},
    langid      = {english} 
}

@inproceedings{ reif-tate-dynamic-parallel-tree-contraction,
    author      = {Reif, J. and Tate, S.},
    year        = {1994},
    title       = {Dynamic Parallel Tree Contraction},
    booktitle   = {Proceedings of SPAA},
    pages       = {114-121},
    langid      = {english}
}

@article{ kabsch,
    author      = {Kabsch, W.},
    journal     = {Acta Crystallographica},
    pages       = {922-923},
    title       = {{A} {S}olution for the {B}est {R}otation to {R}elate {T}wo {S}ets of {V}ectors},
    volume      = {32},
    year        = {1976},
    langid      = {english}
}

@article{ bio-AW59,
    author      = {Alder, B.J. and Wainwright, T. E.},
    title       = {{S}tudies in {M}olecular {D}ynamics. {I}. {G}eneral {M}ethod},
    journal     = {Journal of Chemical Physics},
    volume      = {31},
    number      = {2},
    pages       = {459-466},
    year        = {1959},
    langid      = {english}
}

@book{ bio-FP02,
    author      = {Finkelstein, A. V. and Ptitsyn, O. B.},
    title       = {{P}rotein {P}hysics: a {C}ourse of {L}ectures},
    publisher   = {Academic Press},
    address     = {San Diego, CA},
    year        = {2002},
    langid      = {english}
}

@article{ bio-CGK77,
    author      = {McCammon, J. A. and Gelin, B. R. and Karplus, M.},
    title       = {{D}ynamics of {F}olded {P}roteins},
    journal     = {Nature},
    volume      = {267},
    number      = {5612},
    pages       = {585-590},
    year        = {1977},
    langid      = {english}
}

@article{ bio-McCammon84,
    author      = {McCammon, J. A.},
    title       = {{P}rotein {D}ynamics},
    journal     = {Reports on Progress in Physics},
    volume      = {47},
    number      = {1},
    pages       = {1-46},
    year        = {1984},
    langid      = {english}
}

@article{ bio-MCDHKZF05,
    author      = {Maple, J. R. and Cao, Y. X. and Damm, W. G. and Halgren, T. A. and Kaminski, G. A. and Zhang, L. Y. and Friesner, Richard A.},
    title       = {i{GNM}: a {D}atabase of {P}rotein {F}unctional {M}otions {B}ased on {G}aussian {N}etwork {M}odel},
    journal     = {Journal of Chemical Theory and Applications},
    volume      = {1},
    pages       = {694-715},
    year        = {2005},
    langid      = {english}
}

@article{ bio-Friesner06,
    author      = {Friesner, Richard A.},
    title       = {{M}odeling {P}olarization in {P}roteins and {P}rotein-{L}igand {C}omplexes: {M}ethods and {P}reliminary {R}esults},
    journal     = {Advances in Protein Chemistry},
    volume      = {72},
    pages       = {79-104},
    year        = {2006},
    langid      = {english}
}

@article{ bio-DGR06,
    author      = {Dehouck, Y. and Gilis, D and Rooman, M.},
    title       = {{A} {N}ew {G}eneration of {S}tatistical {P}otentials for {P}roteins},
    journal     = {Biophysical Journal},
    volume      = {90},
    pages       = {4010-4017},
    year        = {2006},
    langid      = {english}
}

@article{ bio-HG99,
    author      = {Hegyi, H. and Gerstein, M.},
    title       = {{T}he {R}elationship {B}etween {P}rotein {S}tructure and {F}unction: a {C}omprehensive {S}urvey with {A}pplication to the {Y}east {G}enome},
    journal     = {Journal of Molecular Biology},
    volume      = {288},
    pages       = {147-164},
    year        = {1999},
    langid      = {english}
}

@article{ bio-BH07,
    author      = {Boas, F. E. and Harbury, P. B.},
    title       = {{P}otential {E}nergy {F}unctions for {P}rotein {D}esign},
    journal     = {Current Opinions in Structural Biology},
    volume      = {17},
    pages       = {199-204},
    year        = {2007},
    langid      = {english}
}

@article{ bio-KSLO96,
    author      = {Kavraki, Lidya E. and Svetska, Petr and Latombe, Jean--Claude and Overmars, Mark H.},
    title       = {{P}robabilistic {R}oadmaps for {P}ath {P}lanning in {H}igh-{D}imensional {C}onfiguration {S}paces},
    journal     = {IEEE Transactions on Robotics and Automation},
    volume      = {12},
    number      = {4},
    year        = {1996},
    pages       = {566-580},
    langid      = {english}
}

@book{ hopcroft,
    author      = {Hopcroft, J. and Motwani, R. and Ullman, J.},
    title       = {Introduction to Automata Theory, Languages, and Computation},
    year        = {2006},
    publisher   = {Pearson/Addison Wesley},
    langid      = {english}
}

@book{ bio-CLRS01,
    author      = {Cormen, T. H. and Leiserson, C. E. and Rivest, R. L. and Stein, C.},
    title       = {{I}ntroduction to {A}lgorithms, 2nd {E}d.},
    publisher   = {MIT Press},
    address     = {Cambridge, Massachusetts},
    year        = {2001},
    langid      = {english}
}

@inproceedings{ bio-SLB99,
    author      = {Singh, A. P. and Latombe, Jean--Claude and Brutlag, Douglas L.},
    title       = {{A} {M}otion {P}lanning {A}pproach to {F}lexible {L}igand {B}inding},
    booktitle   = {Proceedings of the 7th ACM International Conference on Computational Biology},
    year        = {1999},
    pages       = {252-261},
    publisher   = {AAAI Press},
    langid      = {english}
}

@inproceedings{ bio-SA01,
    author      = {Song, G. and Amato, N. M.},
    title       = {{U}sing {M}otion {P}lanning to {S}tudy {P}rotein {F}olding {P}athways},
    booktitle   = {Proceedings of the 5th International Conference on Computational Biology},
    year        = {2001},
    pages       = {287-296},
    langid      = {english}
}

@article{ ens-sorting,
    author      = {Xingyi Zhang and Ye Tian and Ran Cheng and Yaochu Jin},
    title       = {An Efficient Approach to Nondominated Sorting for Evolutionary Multiobjective Optimization},
    journal     = {IEEE Transactions on Evolutionary Computation},
    volume      = {19},
    number      = {2},
    pages       = {201-213},
    year        = {2015},
    langid      = {english}
}

@article{ corner-sort,
    author      = {Handing Wang and Xin Yao},
    title       = {Corner Sort for Pareto-Based Many-Objective Optimization},
    journal     = {IEEE Transactions on Cybernetics},
    volume      = {44},
    number      = {1},
    pages       = {92-102},
    year        = {2014},
    langid      = {english}
}

@article{ deductive-climbing-sort,
    author      = {Kent McClymont and Ed Keedwell},
    title       = {Deductive Sort and Climbing Sort: New Methods for Non-Dominated Sorting},
    journal     = {Evolutionary computation},
    volume      = {20},
    number      = {1},
    pages       = {1-26},
    year        = {2012},
    langid      = {english}
}

@online{ mishra-non-dominated-layer-update-arxiv,
    author      = {Sumit Mishra and Samrat Mondal and Sriparna Saha},
    title       = {Improved Solution to the Non-Domination Level Update Problem},
    url         = {http://arxiv.org/abs/1510.04796},
    howpublished= {http://arxiv.org/abs/1510.04796},
    langid      = {english}
}

@article{ fang-nds-tree,
    author      = {Hongbing Fang and Qian Wang and Yi-Cheng Tu and Mark F. Horstemeyer},
    title       = {An Efficient Non-dominated Sorting Method for Evolutionary Algorithms},
    journal     = {Evolutionary Computation},
    year        = {2008},
    volume      = {16},
    number      = {3},
    pages       = {355-384},
    langid      = {english}
}

@article{ zhang-ens,
    author      = {Xingyi Zhang and Ye Tian and Ran Cheng and Yaochu Jin},
    title       = {An Efficient Approach to Nondominated Sorting for Evolutionary Multiobjective Optimization},
    journal     = {IEEE Transactions on Evolutionary Computation},
    year        = {2015},
    volume      = {19},
    number      = {2},
    pages       = {201-213},
    langid      = {english}
}

@article{ zhang-ens-presort,
    author      = {Xingyi Zhang and Ye Tian and Ran Cheng and Yaochu Jin},
    title       = {A Decision Variable Clustering-Based Evolutionary Algorithm for Large-scale Many-objective Optimization},
    journal     = {IEEE Transactions on Evolutionary Computation},
    year        = {2016},
    doi         = {10.1109/TEVC.2016.2600642},
    langid      = {english}
}

@article{ gustavsson-nds,
    author      = {Patrik Gustavsson and Anna Syberfeldt},
    title       = {A New Algorithm Using the Non-dominated Tree to improve Non-dominated Sorting},
    journal     = {Evolutionary Computation},
    year        = {2017},
    month       = jan,
    note        = {Just Accepted publication},
    langid      = {english}
}

@techreport{ deb-enlu-14,
	author		= {Ke Li and Kalyanmoy Deb and Qingfu Zhang and Sam Kwong},
	title		= {Efficient Non-domination Level Update Approach for Steady-State Evolutionary 
	               Multiobjective Optimization},
	institution	= {Michigan State University},
	number		= {COIN 2014014},
	year		= {2014},
	url			= {www.egr.msu.edu/~kdeb/papers/c2014014.pdf},
	langid		= {english}
}

@techreport{ deb-enlu-15,
	author		= {Ke Li and Kalyanmoy Deb and Qingfu Zhang and Qiang Zhang},
	title		= {Efficient Non-domination Level Update Method for Steady-State Evolutionary 
	               Multi-objective Optimization},
	institution	= {Michigan State University},
	number		= {COIN 2015022},
	year		= {2015},
	url			= {www.egr.msu.edu/~kdeb/papers/c2015022.pdf},
	langid		= {english}
}

@article{ deb-enlu,
	author		= {Ke Li and Kalyanmoy Deb and Qingfu Zhang and Qiang Zhang},
    title       = {Efficient Nondomination Level Update Method for Steady-State Evolutionary Multiobjective Optimization},
    journal     = {IEEE Transactions on Cybernetics},
    year        = {2016},
    pages       = {1-12},
    note        = {accepted for publication},
    doi         = {10.1109/TCYB.2016.2621008},
    langid      = {english}
}

@inproceedings{ gupta-cec-nsga-gpu,
    author      = {S. Gupta and G. Tan},
    title       = {A scalable parallel implementation of evolutionary algorithms for multi-objective optimization on {GPU}s},
    booktitle   = {Proceedings of IEEE Congress on Evolutionary Computation},
    pages       = {1567-1574},
    year        = {2015},
    langid      = {english}
}

@techreport{ harman-sbse,
    author      = {Mark Harman and S. Afsin Mansouri and Yuanyuan Zhang},
    title       = {Search Based Software Engineering: A Comprehensive Analysis and Review of Trends, Technologies and Applications},
    institution = {Department of Computer Science, King's College London},
    number      = {TR-09-03},
    year        = {2009},
    langid      = {english}
}

@techreport{ bio-AS01,
    author      = {Amato, N. M. and Song, G.},
    title       = {{U}sing {M}otion {P}lanning to {M}ap {P}rotein {F}olding {L}andscapes and {A}nalyze {F}olding {K}inetics of {K}nown {N}ative {S}tructures},
    institution = {PARASOL Lab, Dept. of Computer Science, Texas A\&M University},
    number      = {01-001},
    year        = {2001},
    langid      = {english}
}

@article{ bio-ADS03,
    author      = {Amato, N. M. and Dill, K. A. and Song, G.},
    title       = {{U}sing {M}otion {P}lanning to {M}ap {P}rotein {F}olding {L}andscapes and {A}nalyze {F}olding {K}inetics of {K}nown {N}ative {S}tructures},
    journal     = {Journal of Computational Biology},
    volume      = {10},
    number      = {3-4},
    pages       = {239-255},
    year        = {2003},
    langid      = {english}
}

@techreport{ bio-Lavalle98,
    author      = {Lavalle, Steven M.},
    title       = {{R}apidly-{E}xploring {R}andom {T}rees: {A} {N}ew {T}ool for {P}ath {P}lanning},
    institution = {Computer Science Dept, Iowa State University},
    volume      = {98-11},
    year        = {1998},
    langid      = {english}
}

@article{ bio-RESH09,
    author      = {Raveh, Barak and Enosh, Angela and Schueler--Furman, Ora and Halperin, Dan},
    title       = {{R}apid {S}ampling of {M}olecular {M}otions with {P}rior {I}nformation {C}onstraints},
    journal     = {PLOS Computational Biology},
    volume      = {5},
    number      = {2},
    year        = {2009},
    pages       = {e1000295},
    langid      = {english}
}

@inproceedings{ bio-ZKB07,
    author      = {Zucker, M. and Kuffner, James J. and Branicky, M.},
    title       = {{M}ultipartite {RRT}s for {R}apid {R}eplanning in {D}ynamic {E}nvironments},
    booktitle   = {IEEE International Conference on Robotics and Automation},
    pages       = {704-710},
    publisher   = {IEEE},
    year        = {2007},
    langid      = {english}
}

@inproceedings{ bio-ASBL02,
    author      = {Apaydin, Mehmet Serkan and Brutlag, Douglas L. and Guestrin, Carlos and Hsu, David and Latombe, Jean--Claude},
    title       = {{S}tochastic {R}oadmap {S}imulation: {A}n {E}fficient {R}epresentation and {A}lgorithm for {A}nalyzing {M}olecular {M}otion},
    booktitle   = {Proceedings of RECOMB'02},
    year        = {2002},
    address     = {Washington D.C.},
    pages       = {12-21},
    langid      = {english}
}

@article{ bio-MDW05,
    author      = {Maiti, R. and van Domselaar, G. H. and Wishart, D. S.},
    title       = {{M}ovie{M}aker: a {W}eb {S}erver for {R}apid {R}endering of {P}rotein {M}otions and {I}nteractions},
    journal     = {Nuclear Acids Research},
    volume      = {33},
    number      = {Web Server issue},
    pages       = {W358-362},
    year        = {2005},
    langid      = {english}
}

@article{ bio-KG00,
    author      = {Krebs, W. G. and Gerstein, M.},
    title       = {{T}he {M}orph {S}erver: a {S}tandardized {S}ystem for {A}nalyzing and {V}isualizing {M}acromolecular {M}otions in a {D}atabase {F}ramework},
    journal     = {Nuclear Acids Research},
    volume      = {28},
    number      = {8},
    pages       = {1665-1675},
    year        = {2000},
    langid      = {english}
}

@incollection{ cma-es-diagonal,
    author      = {Ros, Raymond and Hansen, Nikolaus},
    title       = {{A} {S}imple {M}odification in {CMA-ES} {A}chieving {L}inear {T}ime and {S}pace {C}omplexity},
    booktitle   = {Parallel Problem Solving from Nature -- {PPSN} {X}},
    series      = {Lecture Notes in Computer Science},
    number      = {5199},
    year        = {2008},
    pages       = {296-305},
    publisher   = {Springer},
    langid      = {english}
} 

@article{ paper-1y8b,
    author      = {Tugarinov, Vitali and Choy, Wing-Yiu and Orekhov, Vladislav Yu. and Kay, Lewis E.}, 
    title       = {Solution NMR-derived global fold of a monomeric 82-kDa enzyme},
    volume      = {102}, 
    number      = {3}, 
    pages       = {622-627}, 
    year        = {2005}, 
    journal     = {Proceedings of the National Academy of Sciences of the United States of America},
    langid      = {english}
}

@article{ paper-4b9q,
    author      = {Roman Kityk and J\"urgen Kopp and Irmgard Sinning and Matthias P. Mayeremail},
    title       = {Structure and Dynamics of the ATP-Bound Open Conformation of Hsp70 Chaperones},
    volume      = {48},
    number      = {6},
    pages       = {863-874},
    year        = {2012},
    journal     = {Molecular Cell},
    langid      = {english}
}

@article{ paper-2kho,
    author      = {Bertelsen, Eric B. and Chang, Lyra and Gestwicki, Jason E. and Zuiderweg, Erik R. P.}, 
    title       = {Solution conformation of wild-type E. coli Hsp70 (DnaK) chaperone complexed with ADP and substrate},
    volume      = {106}, 
    number      = {21}, 
    pages       = {8471-8476}, 
    year        = {2009}, 
    journal     = {Proceedings of the National Academy of Sciences},
    langid      = {english}
}

@article{paper-2w8,
    author      = {Yeon-Gil Kim and Sujin Lee and Oh-Sin Kwon and So-Young Park and Su-Jin Lee and Bum-Joon Park and Kyung-Jin Kim},
    title       = {Redox-switch modulation of human SSADH by dynamic catalytic loop},
    volume      = {28},
    number      = {7},
    pages       = {959-968},
    year        = {2009},
    journal     = {The EMBO Journal},
    langid      = {english}
}

@article{ paper-2gqg,
    author      = {Tokarski, John S. and Newitt, John A. and Chang, Chieh Ying J. and Cheng, Janet D. and Wittekind, Michael and Kiefer, Susan E. and Kish, Kevin and Lee, Francis Y.F. and 
                   Borzillerri, Robert and Lombardo, Louis J. and Xie, Dianlin and Zhang, Yaqun and Klei, Herbert E.}, 
    title       = {The Structure of {D}asatinib ({BMS}-354825) Bound to Activated {ABL} Kinase Domain Elucidates Its Inhibitory Activity against {I}matinib-Resistant {ABL} Mutants},
    volume      = {66}, 
    number      = {11}, 
    pages       = {5790-5797}, 
    year        = {2006}, 
    journal     = {Cancer Research},
    langid      = {english}
}

@article{ paper-1osa,
    author      = {Ban, C. and Ramakrishnan, B. and Ling, K.-Y. and Kung, C. and Sundaralingam, M.},
    title       = {{S}tructure of the {R}ecombinant {P}aramecium {T}etraurelia {C}almodulin at 1.68 {{\AA}} {R}esolution},
    journal     = {Acta Crystallographica Section D},
    year        = {1994},
    volume      = {50},
    number      = {1},
    pages       = {50-63},
    langid      = {english}
}

@article{ paper-1prw,
    title       = {{A} {C}losed {C}ompact {S}tructure of {N}ative $\mbox{Ca}^{2+}$-{C}almodulin},
    journal     = {Structure},
    volume      = {11},
    number      = {10},
    pages       = {1303-1307},
    year        = {2003},
    author      = {Jennifer L. Fallon and Florante A. Quiocho},
    langid      = {english}
}

@article{ paper-2m3m,
    title       = {{S}tructural {I}nsights into a {W}ildtype {D}omain of the {O}ncoprotein {E6} and {I}ts {I}nteraction with a {PDZ} {D}omain.},
    journal     = {PLoS One},
    volume      = {8},
    pages       = {e62584-e62584},
    year        = {2013},
    author      = {Mischo, A. and Ohlenschlager, O. and Hortschansky, P. and Ramachandran, R. and Gorlach, M.},
    langid      = {english}
}

@article{ porozov,
    title       = {{M}ethod of {P}rediction and {O}ptimization of {C}onformational {M}otion of {P}roteins {B}ased on {M}ass {T}ransportation {P}rinciple},
    author      = {A.A. Koshevoy and E.O.Stepanov and Yu.B.Porozov},
    journal     = {Biophysics},
    volume      = {59},
    number      = {1},
    pages       = {28-34},
    year        = {2014},
    langid      = {english}
}

@inproceedings{ evans,
    author      = {Lawrence C. Evans},
    title       = {{P}artial {D}ifferential {E}quations and {M}onge-{K}antorovich {M}ass {T}ransfer},
    booktitle   = {Current Developments in Mathematics, 1997, International Press},
    year        = {1999},
    langid      = {english}
}

@article{ hansen-2001,
    author      = {Nikolaus Hansen and Andreas Ostermeier},
    title       = {{C}ompletely {D}erandomized {S}elf-{A}daptation in {E}volution {S}trategies},
    journal     = {Evolutionary Computation},
    year        = {2001},
    volume      = {9},
    pages       = {159-195},
    langid      = {english}
}

@article{ hansen-2003,
    author      = {Nikolaus Hansen and Sibylle D. M{\"u}ller and Petros Koumoutsakos},
    title       = {{R}educing the {T}ime {C}omplexity of the {D}erandomized {E}volution {S}trategy with {C}ovariance {M}atrix {A}daptation ({CMA-ES})},
    journal     = {Evolutionary Computation},
    volume      = {11},
    number      = {1},
    year        = {2003},
    pages       = {1-18},
    langid      = {english}
}

@article{ bfgs,
    author      = {D. F. Shanno},
    title       = {Conditioning of Quasi-{N}ewton Methods for Function Minimization},
    journal     = {Mathematics of Computation},
    volume      = {24},
    number      = {111},
    year        = {1970},
    pages       = {647-656},
    langid      = {english}
}

@article{ titin,
    author      = {Fulton, Alice B. and Isaacs, William B.},
    title       = {{T}itin, a {H}uge, {E}lastic {S}arcomeric {P}rotein with a {P}robable {R}ole in {M}orphogenesis},
    journal     = {BioEssays},
    volume      = {13},
    number      = {4},
    pages       = {157-161},
    year        = {1991},
    langid      = {english}
}

@article{ bio-ADJDKB01,
    author      = {Atilgan, A. R. and Durell, S. R. and Jernigan, R. L. and Demirel, M. C. and Keskin, O. and Bahar, Ivet},
    title       = {{A}nisotropy of {F}luctuation {D}ynamics of {P}roteins with an {E}lastic {N}etwork {M}odel},
    journal     = {Biophysical Journal},
    volume      = {80},
    number      = {1},
    pages       = {505-515},
    year        = {2001},
    langid      = {english}
}

@article{ bio-BEHJ97,
    author      = {Bahar, Ivet and Erman, B. and Haliloglu, T. and Jernigan, R. L.},
    title       = {{E}fficient {C}haracterization of {C}ollective {M}otions and {I}nterresidue {C}orrelations in {P}roteins by {L}ow-{R}esolution {S}imulations},
    journal     = {Biochemistry},
    volume      = {36},
    number      = {44},
    pages       = {13512-13523},
    year        = {1997},
    langid      = {english}
}

@article{ bio-BJ98,
    author      = {Bahar, Ivet and Jernigan, R. L.},
    title       = {{V}ibrational {D}ynamics of {T}ransfer {RNA}s: {C}omparison of the {F}ree and {S}ynthetase-{B}ound {F}orms},
    journal     = {Journal of Molecular Biology},
    volume      = {281},
    number      = {5},
    pages       = {871-884},
    year        = {1998},
    langid      = {english}
}

@article{ bio-BR05,
    author      = {Bahar, Ivet and Rader, A. J.},
    title       = {{C}oarse-{G}rained {N}ormal {M}ode {A}nalysis in {S}tructural {B}iology},
    journal     = {Current Opinions in Structural Biology},
    volume      = {15},
    number      = {5},
    pages       = {586-592},
    year        = {2005},
    langid      = {english}
}

@book{ bio-CB06,
    author      = {Cui, Q. and Bahar, Ivet},
    title       = {{N}ormal {M}ode {A}nalysis: {T}heory and {A}pplications to {B}iological and {C}hemical {S}ystems},
    publisher   = {Chapman \& Hall/CRC},
    address     = {Boca Raton},
    year        = {2006},
    langid      = {english}
}

@article{ bio-KJC02,
    author      = {Kim, Moon K. and Jernigan, R. L. and Chirikjian, Gregory S.},
    title       = {{E}fficient {G}eneration of {F}easible {P}athways for {P}rotein {C}onformational {T}ransitions},
    journal     = {Biophysical Journal},
    volume      = {83},
    number      = {3},
    pages       = {1620-1630},
    year        = {2002},
    langid      = {english}
}

@article{ bio-Tirion96,
    author      = {Tirion, M. M.},
    title       = {{L}arge {A}mplitude {E}lastic {M}otions in {P}roteins from a {S}ingle-{P}arameter, {A}tomic {A}nalysis},
    journal     = {Physical Review Letters},
    volume      = {77},
    number      = {9},
    pages       = {1905-1908},
    year        = {1996},
    langid      = {english}
}

@article{ bio-ZB05,
    author      = {Zheng, W. and Brooks, B. R.},
    title       = {{N}ormal-{M}odes-based {P}rediction of {P}rotein {C}onformational {C}hanges {G}uided by {D}istance {C}onstraints},
    journal     = {Biophysical Journal},
    volume      = {88},
    number      = {5},
    pages       = {3109-3117},
    year        = {2005},
    langid      = {english}
}

@article{ bio-ZB06,
    author      = {Zheng, W. and Brooks, B. R.},
    title       = {{M}odeling {P}rotein {C}onformational {C}hanges by {I}terative {F}itting of {D}istance {C}onstraints using {R}eoriented {N}ormal {M}odes},
    journal     = {Biophysical Journal},
    volume      = {90},
    number      = {12},
    pages       = {4327-4336},
    year        = {2006},
    langid      = {english}
}

@article{ bio-ZBH07,
    author      = {Zheng, W. and Brooks, B. R. and Hummer, G.},
    title       = {{P}rotein {C}onformational {T}ransitions {E}xplored by {M}ixed {E}lastic {N}etwork {M}odels},
    journal     = {Proteins},
    volume      = {69},
    number      = {1},
    pages       = {43-57},
    year        = {2007},
    langid      = {english}
}

@article{ bio-ZD03,
    author      = {Zheng, W. and Doniach, S.},
    title       = {{A} {C}omparative {S}tudy of {M}otor-{P}rotein {M}otions by {U}sing a {S}imple {E}lastic-{N}etwork {M}odel},
    journal     = {Proceedings of the National Academy of Sciences, USA},
    volume      = {100},
    number      = {23},
    pages       = {13253-13258},
    year        = {2003},
    langid      = {english}
}

@inproceedings{ harman-minisat,
    author      = {Justyna Petke and William B. Langdon and Mark Harman},
    title       = {{A}pplying {G}enetic {I}mprovement to {M}ini{SAT}},
    booktitle   = {5th International Symposium on Search-Based Software Engineering},
    series      = {Lecture Notes in Computer Science},
    volume      = {8084},
    year        = {2013},
    pages       = {257-262},
    langid      = {english}
}

@inproceedings{ harman-gismoe,
    author      = {Mark Harman and William B. Langdon and Yue Jia and David Robert White and Andrea Arcuri and John A. Clark},
    title       = {The {GISMOE} challenge: constructing the {P}areto program surface using genetic programming to find better programs (keynote paper)},
    booktitle   = {International Conference on Automated Software Engineering},
    year        = {2012},
    pages       = {1-14},
    langid      = {english}
}

@article{ kung75,
    author      = {H. T. Kung and Fabrizio Luccio and Franco P. Preparata},
    title       = {On Finding the Maxima of a Set of Vectors},
    journal     = {Journal of ACM},
    volume      = {22},
    number      = {4},
    year        = {1975},
    pages       = {469-476},
    langid      = {english}
}
                                                
@article{ chvatal,
    author      = {Vasek Chvatal},
    title       = {{Hard Knapsack Problems}},
    journal     = {Operations Research},
    volume      = {28},
    number      = {6},
    year        = {1980},
    pages       = {1402-1411},
    langid      = {english}
}

@book{ garey-johnson,
    author      = {Garey, Michael R. and Johnson, David S.},
    title       = {Computers and Intractability: A Guide to the Theory of NP-Completeness},
    year        = {1979},
    numpages    = {338},
    pagetotal   = {338},
    publisher   = {W. H. Freeman \& Co.},
    address     = {New York, NY, USA},
    langid      = {english}
}

@article{ flow-test-genrmf,
    author      = {Donald Goldfarb and Michael D. Grigoriadis},
    year        = {1988},
    journal     = {Annals of Operations Research},
    volume      = {13},
    number      = {1},
    title       = {A computational comparison of the {D}inic and network simplex methods for maximum flow},
    pages       = {81-123},
    langid      = {english}
}

@online{ dimacs-flow-test-generators,
    title       = {Генераторы тестов для алгоритмов решения задачи о максимальном потоке},
    url         = {http://www.informatik.uni-trier.de/~naeher/Professur/research},
    howpublished = {http://www.informatik.uni-trier.de/~naeher/Professur/research},
    langid      = {russian}
}

@online{ mendel-knapsacks-github,
    title       = {Source code for experiments (a part of this paper)},
    url         = {https://github.com/mbuzdalov/papers/tree/master/2014-mendel-knapsacks},
    langid      = {english}
}

@online{ mendel-tests-github,
    title       = {Source code for experiments (a part of this paper)},
    url         = {https://github.com/mbuzdalov/papers/tree/master/2014-mendel-tests-counters},
    langid      = {english}
}

@online{ jobshop-github,
    title       = {Source code for experiments (a part of this paper)},
    url         = {https://github.com/mbuzdalov/papers/tree/master/2014-gecco-lba-jobshop},
    langid      = {english}
}

@online{ bicta-knapsack-github,
    title       = {Source code for experiments (a part of this paper)},
    url         = {https://github.com/mbuzdalov/papers/tree/master/2014-bicta-knapsacks},
    langid      = {english}
}

@online {nds-github,
    title       = {Source code for the implementation (a part of this paper)},
    url         = {https://github.com/mbuzdalov/papers/tree/master/2014-ppsn-jensen-fortin},
    langid      = {english}
}

@online{ xdivk-github,
    title       = {Supplementary materials (proofs and tables)},
    url         = {https://github.com/mbuzdalov/papers/blob/master/2014-gecco-xdivk/xdivk-extra.pdf},
    langid      = {english}
}

@online{ngp-fitness,
    title       = {Source code for the fitness function},
    howpublished = { http://goo.gl/XGwPq },
	langid      = {english}
}

@inproceedings{ rlcd,
    author      = {Bruno C. Da Silva and Eduardo W. Basso and Ana L. C. Bazzan and Paulo M. Engel},
    title       = {{D}ealing with {N}on-stationary {E}nvironments {U}sing {C}ontext {D}etection},
    booktitle   = {Proceedings of the 23rd International Conference on Machine Learning},
    year        = {2006},
    pages       = {217-224},
    publisher   = {ACM Press},
    langid      = {english}
} 

@inproceedings{ continuous,
    author      = {Basso, Eduardo W. and Engel, Paulo M.},
    title       = {Reiforcement learning in non-stationary continuous time and space scenarios},
    booktitle   = {Proceedings of the VII Brasilian Meeting on Artificial Intelligence ENIA},
    year        = {2009},
    location    = {Bento Concalves, Brazil},
    pages       = {687-696},
    publisher   = {SBC Press},
    langid      = {english}
} 

@inproceedings{ non-stationary_reward,
    author      = {Ole-Christoffer Granmo and Stian Berg},
    title       = {Solving Non-Stationary Bandit Problems by Random Sampling from Sibling Kalman Filters},
    booktitle   = {IEA/AIE (3)},
    year        = {2010},
    pages       = {199-208},
    doi         = {10.1007/978-3-642-13033-5\_21},
    langid      = {english}
}

@article{ stattest,
    author      = {Derrac, Joaquin and Garcia, Salvador and Molina, Daniel and Herrera, Francisco},
    journal     = {Swarm and Evolutionary Computation},
    number      = {1},
    pages       = {3-18},
    title       = {A Practical Tutorial on the Use of Nonparametric Statistical Tests as a Methodology for Comparing Evolutionary and Swarm Intelligence Algorithms},
    volume      = {1},
    year        = {2011},
    langid      = {english}
}

@online{ R,
    title       = {R: A Language and Environment for Statistical Computing},
    author      = {{R Core Team.}},
    organization = {R Foundation for Statistical Computing},
    address     = {Vienna, Austria},
    year        = {2013},
    url         = {http://www.R-project.org/},
    howpublished = {http://www.R-project.org/},
    langid      = {english}
}

@article{ differential-evolution,
    author      = {Storn, Rainer and Price, Kenneth},
    title       = {Differential Evolution -- A Simple and Efficient Heuristic for Global Optimization over Continuous Spaces},
    journal     = {Journal of Global Optimization},
    volume      = {11},
    number      = {4},
    year        = {1997},
    pages       = {341-359},
    langid      = {english}
} 

@book{ martello-toth,
    author      = {Martello, Silvano and Toth, Paolo},
    title       = {Knapsack Problems: Algorithms and Computer Implementations},
    year        = {1990},
    publisher   = {John Wiley \& Sons, Inc.},
    address     = {New York, NY, USA},
    langid      = {english}
} 

@inproceedings{ pex,
    author      = {Nikolai Tillmann and Jonathan de Halleux},
    title       = {Pex -- {W}hite {B}ox {T}est {G}eneration for {.NET}},
    booktitle   = {Tests And Proofs. Second International Conference},
    year        = {2008},
    pages       = {134-153},
    langid      = {english}
}

@inproceedings{ williams-wcet,
    author      = {Nicky Williams and Muriel Roger},
    title       = {Test {G}eneration {S}trategies to {M}easure {W}orst-{C}ase {E}xecution {T}ime},
    booktitle   = {ICSE Workshop on Automation of Software Testing},
    year        = {2009},
    pages       = {88-96},
    langid      = {english}
}

@inproceedings{ crest-tool,
    author      = {Burnim, J. and Sen, K.},
    title       = {Heuristics for Scalable Dynamic Test Generation},
    booktitle   = {Proceedings of the 23rd IEEE/ACM International Conference on Automated Software Engineering},
    year        = {2008},
    pages       = {443-446},
    langid      = {english}
} 

@inproceedings{ pathcrawler,
    title       = {{PathCrawler}: {A}utomatic {G}eneration of {P}ath {T}ests by {C}ombining {S}tatic and {D}ynamic {A}nalysis},
    author      = {Nicky Williams and Bruno Marre and Patricia Mouy and Muriel Roger},
    booktitle	= {Dependable Computing -- EDCC 5},
    year        = {2005},
    pages       = {281-292},
    series      = {Lecture Notes in Computer Science},
    number      = {3463},
    langid      = {english}
}

@article{ cute-tool,
    author      = {Sen, Koushik and Marinov, Darko and Agha, Gul},
    title       = {{CUTE}: {A} {C}oncolic {U}nit {T}esting {E}ngine for {C}},
    journal     = {SIGSOFT Software Engineering Notes},
    volume      = {30},
    number      = {5},
    year        = {2005},
    pages       = {263-272},
    publisher   = {ACM},
    address     = {New York, NY, USA},
    langid      = {english}
}

@article{ knapsack-nemhauser,
    author      = {G. Nemhauser and Z. Ullmann},
    title       = {Discrete Dynamic Programming and Capital Allocation},
    journal     = {Management Science}, 
    volume      = {15},
    number      = {9}, 
    pages       = {494-505}, 
    year        = {1969},
    langid      = {english}
}

@article{gismoe,
    author      = {William B. Langdon and Mark Harman},
    title       = {Optimising Existing Software with Genetic Programming},
    journal     = {IEEE Transactions on Evolutionary Computation},
    volume      = {XX},
    issue       = {99},
    year        = {2014},
    pages       = {1-18},
    langid      = {english}
}

@online{ acm_icpc_wiki,
    title       = {{ACM} {I}nternational {C}ollegiate {P}rogramming {C}ontest},
    url         = {http://en.wikipedia.org/wiki/ACM\_ICPC},
    langid      = {english}
}

@misc{ acm_icpc_wiki_misc,
    title       = {{ACM} {I}nternational {C}ollegiate {P}rogramming {C}ontest},
    howpublished= {http://en.wikipedia.org/wiki/ACM\_ICPC},
    langid      = {english}
}

@techreport{ octree,
    author      = {Donald Meagher},
    title       = {Octree Encoding: A New Technique for the Representation, Manipulation and Display of Arbitrary 3-D Objects by Computer},
    year        = {1980},
    month       = {10},
    institution = {Rensselaer Polytechnic Institute},
    number      = {IPL-TR-80-111},
    langid      = {english}
}

@incollection{ jansen-restarts,
    author      = {Thomas Jansen},
    title       = {On the Analysis of Dynamic Restart Strategies for Evolutionary Algorithms},
    booktitle   = {Parallel Problem Solving from Nature -- {PPSN} {VII}},
    series      = {Lecture Notes in Computer Science},
    number      = {2439},
    year        = {2002},
    pages       = {33-43},
    publisher   = {Springer},
    langid      = {english}
}

@article{ iddfs,
    author      = {Richard Korf},
    title       = {Depth-first Iterative-Deepening: An Optimal Admissible Tree Search},
    journal     = {Artificial Intelligence},
    volume      = {27},
    pages       = {97-109},
    year        = {1985},
    langid      = {english}
}

@article{rice-theorem,
    author      = {Rice, H. G.},
    title       = {Classes of Recursively Enumerable Sets and Their Decision Problems},
    journal     = {Transactions of the American Mathematical Society},
    volume      = {74},
    number      = {2},
    pages       = {358-366},
    year        = {1953},
    langid      = {english}
}

@article{ lumelsky-bug,
    author      = {Vladimir Lumelsky and Alexander Stepanov},
    title       = {Path Planning Strategies for a Point Mobile Automaton Moving Amidst Unknown Obstacles of Arbitraty Shape},
    journal     = {Algorithmica},
    year        = {1987},
    volume      = {2},
    pages       = {403-430},
    langid      = {english}
}

@article{ bonferroni-correction,
    author      = {Dunn, O. J.},
    title       = {Multiple Comparisons Among Means},
    journal     = {Journal of the American Statistical Association},
    year        = {1961},
    volume      = {56},
    number      = {293},
    pages       = {52-64},
    langid      = {english}
}

@inproceedings{ tangent-bug,
    author      = {Kamon, I. and Rivlin, E. and Rimon, E.},
    title       = {A New Range-Sensor Based Globally Convergent Navigation Algorithm for Mobile Robots},
    booktitle   = {Proceedings of IEEE International Conference on Robotics and Automation},
    year        = {1996},
    number      = {1},
    pages       = {429-435},
    langid      = {english}
}

@inproceedings{ triplestate, 
    author      = {Sakurai, Y. and Takada, K. and Kawabe, T. and Tsuruta, S.}, 
    booktitle   = {Signal-Image Technology and Internet-Based Systems (SITIS), 2010 Sixth International Conference on}, 
    title       = {A Method to Control Parameters of Evolutionary Algorithms by Using Reinforcement Learning}, 
    year        = {2010}, 
    pages       = {74-79}, 
    doi         = {10.1109/SITIS.2010.22},
    langid      = {english}
}

@book{ cormen,
    author      = {Т. Кормен and Ч. Лейзерсон and Р. Ривест},
    title       = {Алгоритмы. Построение и анализ. Второе издание},
    publisher   = {Издательский дом <<Вильямс>>},
    address     = {М.},
    year        = {2005},
    numpages    = {1296},
    pagetotal   = {1296},
    langid      = {russian}
}

@book{ ahuja-orlin-book,
    author      = {Ahuja, Ravindra K. and Magnanti, Thomas L. and Orlin, James B.},
    title       = {Network Flows: Theory, Algorithms, and Applications},
    year        = {1993},
    publisher   = {Prentice-Hall, Inc.},
    address     = {Upper Saddle River, NJ, USA},
    langid      = {english}
}

@article{capacityscaling,
    author      = {Ravindra K. Ahuja and James B. Orlin},
    title       = {A Capacity Scaling Algorithm for the Constrained Maximum Flow Problem},
    journal     = {Networks},
    volume      = {25},
    number      = {2},
    pages       = {89-98},
    year        = {1995},
    langid      = {english}
}

@article{zadeh,
    author      = {Norman Zadeh},
    title       = {Theoretical Efficiency of the {E}dmonds-{K}arp Algorithm for Computing Maximal Flows},
    journal     = {Journal of the ACM},
    year        = {1972},
    volume      = {19},
    number      = {1},
    pages       = {184-192},
    langid      = {english}
}

@online{ dimacs,
    title       = {{DIMACS}. {T}est Generators for the Maximum Flow Problem},
    url         = {http://www.informatik.uni-trier.de/\~naeher/Professur/research/generators/maxflow/},
    langid      = {english},
    year		 = {2017}
}

@misc{ dimacs:type-misc,
    title       = {{DIMACS}. {T}est Generators for the Maximum Flow Problem},
    howpublished = {http://www.informatik.uni-trier.de/\~{}naeher/Professur/research/generators/maxflow},
    langid      = {english},
    year		= {2017}
}

@article{edmonds-karp,
    author      = {Jack Edmonds and Richard M. Karp},
    title       = {Theoretical Improvements in Algorithmic Efficiency for Network Flow Problems},
    journal     = {Journal of the ACM},
    year        = {1972},
    volume      = {19},
    number      = {2},
    pages       = {248-262},
    langid      = {english}
}

@article{dinic,
    author      = {E. A. Dinic},
    title       = {Algorithm for solution of a problem of maximum flow in networks with power estimation},
    journal     = {Soviet Math. Dokl.},
    volume      = {11},
    number      = {5},
    year        = {1970},
    pages       = {1277-1280},
    langid      = {english}
}

@article{ flows-goldberg-tarjan,
    author      = {Goldberg, A. V. and Tarjan, R. E.},
    year        = {1988},
    title       = {A new approach to the maximum-flow problem},
    journal     = {Journal of the ACM},
    volume      = {35},
    number      = {4},
    pages       = {921-940},
    langid      = {english}
}

@inproceedings{ preflow-push,
    author      = {Goldberg, A V and Tarjan, R E},
    title       = {A New Approach to the Maximum Flow Problem},
    booktitle   = {Proceedings of the Eighteenth Annual ACM Symposium on Theory of Computing},
    year        = {1986},
    pages       = {136-146},
    publisher   = {ACM},
    address     = {New York, NY, USA},
    langid      = {english}
} 

@inproceedings{ msc-is-log-worse,
    author      = {Ran Raz and Shmuel Safra},
    year        = {1997},
    title       = {A sub-constant error-probability low-degree test, and a sub-constant error-probability PCP characterization of NP},
    booktitle   = {Proceedings of the twenty-ninth annual ACM Symposium on Theory of Computing},
    publisher   = {ACM},
    pages       = {475-484},
    langid      = {english}
}

@incollection{ karp,
    author      = {Richard Karp},
    title       = {Reducibility Among Combinatorial Problems},
    booktitle   = {50 Years of Integer Programming 1958--2008},
    year        = {2010},
    pages       = {219-241},
    langid      = {english}
}

@article{ microsoft-2008,
    author      = {Godefroid, Patrice and de Halleux, P. and Nori, A.V. and Rajamani, S.K. and Schulte, W. and Tillmann, N. and Levin, M.Y.},
    title       = {Automating Software Testing Using Program Analysis},
    journal     = {IEEE Software},
    year        = {2008},
    volume      = {25},
    number      = {5},    
    pages       = {30-37},
    langid      = {english}
}                            

@inproceedings{ es-survey,
    author      = {B\"ack, Thomas and Hoffmeister, Frank and Schwefel, Hans-Paul},
    title       = {A {S}urvey of {E}volution {S}trategies},
    booktitle   = {Proceedings of the Fourth International Conference on Genetic Algorithms},
    year        = {1991},
    pages       = {2-9},
    publisher   = {Morgan Kauffman},
    langid      = {english}
}

@inproceedings{ clever_ant,
    author      = {Федор Николаевич Царев and Анатолий Абрамович Шалыто},
    booktitle   = {Труды {IV} {М}еждународной научно-практической конференции <<{И}нтегрированные модели и мягкие вычисления в искусственном интеллекте>>},
    pages       = {590-597},
    address     = {М.},
    publisher   = {Физматлит},
    title       = {Применение генетического программирования для генерации автомата в задаче об <<Умном муравье>>},
    year        = {2007},
    langid      = {russian}
}
                                
@book{ dubinin,
    title       = {Общая генетика},
    publisher   = {Наука},
    author      = {Дубинин, Николай Петрович},
    year        = {1986},
    numpages    = {560},
    pagetotal   = {560},
    langid      = {russian}
}
                        
@book{ myers,
    author      = {Myers, G},
    title       = {The Art of Software Testing},
    publisher   = {John Wiley \& Sons, Inc.},
    year        = {2004},
    langid      = {english}
}

@book{ metaheuristics,
    author      = {Luke, Sean},
    title       = {Essentials of Metaheuristics},
    year        = {2009},
    pagetotal   = {253},
    numpages    = {253},
    publisher   = {Lulu},
    langid      = {english}
}

@phdthesis{ hofler,
    author      = {H\"ofler, A.},
    title       = {Formoptimierung von Leichtbaufachwerken durch Einsatz einer Evolutionsstrategie},
    school      = {Technical University of Berlin},
    department  = {Dept. Verkehrswesen},
    year        = {1976},
    month       = {6},
    langid      = {german}
}

@techreport{ es-schwefel,
    author      = {Schwefel, Hans-Paul},
    title       = {Bin\"are Optimierung durch somatische Mutation},
    institution = {Technical University of Berlin and Medical University of Hannover},
    year        = {1975},
    month       = {5},
    langid      = {german}
}
                        

@book{ es-rechenberg,
    author      = {Rechenberg, Ingo},
    title       = {Evolutionsstrategie: Optimierung technischer Systeme nach Prinzipien der biologischen Evolution},
    publisher   = {Fromman-Holzboorg Verlag},
    year        = {1973},
    address     = {Stuttgart},
    langid      = {german}
}

@inproceedings{ tonella,
    author      = {Tonella, P.},
    title       = {Evolutionary Testing of Classes},
    booktitle   = {Proceedings of International Symposium on Software Testing and Analysis},
    year        = {2004},
    pages       = {119-128},
    langid      = {english}
}

@book{ optimize,
    author      = {Гилл, Ф. and Мюррей, У. and Райт, М.},
    title       = {Практическая оптимизация},
    address     = {М.},
    publisher   = {Мир},
    year        = {1985},
    langid      = {russian}
}

@book{ harari,
    author      = {Харари, Фрэнк},
    title       = {Теория графов},
    address     = {М.},
    publisher   = {Едиториал УРСС},
    year        = {2003},
    numpages    = {300},
    pagetotal   = {300},
    langid      = {russian}
}

@book{ koza,
    author      = {Koza, John R.},
    title       = {Genetic programming: on the programming of computers by means of natural selection},
    year        = {1992},
    publisher   = {MIT Press},
    address     = {Cambridge, MA, USA},
    langid      = {english}
} 

@book{ Skiena2003,
    author      = {Skiena, Steven S. and Revilla, Miguel A.},
    title       = {Programming Challenges: The Programming Contest Training Manual},
    year        = {2003},
    publisher   = {Springer Verlag},
    address     = {New York},
    numpages    = {365},
    pagetotal   = {365},
    langid      = {english}
}

@book{skiena-manual,
    author      = {Steven Skiena},
    title       = {The Algorithm Design Manual (2. ed.)},
    publisher   = {Springer},
    year        = {2008},
    pages       = {730},
	langid      = {english}
}

@book{ holland,
    author      = {Holland, J. P.},
    title       = {Adaptation in Natural and Artificial Systems},
    publisher   = {University of Michigan},
    year        = {1975},
    numpages    = {211},
    pagetotal   = {211},
    langid      = {english}
}

@online{ icpc_wiki,
    title       = {{ACM} {I}nternational {C}ollegiate {P}rogramming {C}ontest},
    url         = {http://cm.baylor.edu/welcome.icpc},
    howpublished= {http://cm.baylor.edu/welcome.icpc},
    langid      = {english}
}

@online{ ioi_wiki,
    title       = {{I}nternational {O}lympiad in {I}nformatics},
    url         = {http://www.ioinformatics.org},
    howpublished= {http://www.ioinformatics.org},
    langid      = {english}
}

@online{ codechef,
    title       = {{CodeChef}},
    url         = {http://www.codechef.com/},
    howpublished= {http://www.codechef.com/},
    langid      = {english}
}

@online{ codechef-generation-plan,
    title       = {{CodeChef}: Test Generation Plan},
    url         = {http://www.codechef.com/wiki/test-generation-plan},
    howpublished= {http://www.codechef.com/wiki/test-generation-plan},
    langid      = {english}
}

@online{codejam,
    title       = {Google {C}ode {J}am},
    url         = {http://code.google.com/codejam},
    howpublished= {http://code.google.com/codejam},
    langid      = {english}
}

@online{codejam-preparation-guide,
    title       = {Google {C}ode {J}am: Problem Preparation Guide},
    url         = {https://code.google.com/codejam/problem-preparation.html},
    howpublished= {https://code.google.com/codejam/problem-preparation.html},
    langid      = {english}
}

@online{ sgu-ru,
    title       = {Архив задач и проверяющая система Саратовского государственного университета},
    url         = {http://acm.sgu.ru},
    howpublished= {http://acm.sgu.ru},
    langid      = {russian}
}

@online{ spoj-ru,
    title       = {Sphere {O}nline {J}udge},
    url         = {http://www.spoj.com},
    howpublished= {http://www.spoj.com},
    langid      = {english}
}

@online{ uva-ru,
    title       = {{UVa} {O}nline {J}udge},
    url         = {http://uva.onlinejudge.org},
    howpublished= {http://uva.onlinejudge.org},
    langid      = {english}
}

@online{ codeforces-ru,
    title       = {Codeforces},
    url         = {http://codeforces.ru},
    howpublished= {http://codeforces.ru},
    langid      = {russian}
}

@online{ ioip,
    title       = {Интернет-олимпиады по информатике},
    url         = {http://neerc.ifmo.ru/school/io/},
    howpublished= {http://neerc.ifmo.ru/school/io/},
    langid      = {russian}
}

@online{ ipsc,
    title       = {Internet {P}roblem {S}olving {C}ontest},
    url         = {http://ipsc.ksp.sk/},
    howpublished= {http://ipsc.ksp.sk/},
    langid      = {english}
}

@online{ russian-code-cup,
    title       = {Russian {C}ode {C}up},
    url         = {https://www.russiancodecup.ru/},
    howpublished= {https://www.russiancodecup.ru/},
    langid      = {russian}
}

@online{ yandex-algo-ru,
    title       = {Яндекс.Алгоритм},
    url         = {http://contest.yandex.ru/},
    howpublished= {http://contest.yandex.ru/},
    langid      = {russian}
}

@online{ neerc_rules,
    title       = {Northeastern Europe Regional Contest semi final rules},
    url         = {http://neerc.ifmo.ru/information/contest-rules.html},
    howpublished= {http://neerc.ifmo.ru/information/contest-rules.html},
    langid      = {english}
}

@online{ topcoder,
    title       = {Programming Contests at {TopCoder}},
    url         = {http://www.topcoder.com/tc},
    howpublished= {http://www.topcoder.com/tc},
    langid      = {english}
}

@inproceedings{ integerlp,
    author      = {Mathews, G. B.},
    title       = {On the Partition of Numbers},
    booktitle   = {Proceedings of the London Mathematical Society},
    number      = {28},
    year        = {1897},
    pages       = {486-490},
    langid      = {english}
}

@article{ annealing,
    author      = {Kirkpatrick, S. and Gelatt, C. D. and Vecchi, M. P.},
    title       = {Optimization by Simulated Annealing},
    journal     = {Science},
    volume      = {220},
    number      = {4598},
    year        = {1983},
    pages       = {671-680},
    langid      = {english}
}

@article{ martello-toth-mixture,
    author      = {Martello S. and Toth, P.},
    title       = {A mixture of dynamic programming and branch-and-bound for the subset-sum problem},
    journal     = {Management Science},
    number      = {30},
    year        = {1984},
    pages       = {765-771},
    langid      = {english}
}

@inproceedings{ gabst,
    author      = {Alander, Jarmo T. and Mantere, Timo and Turunen, Pekka},
    title       = {Genetic Algorithm Based Software Testing},
    booktitle   = {Artificial Neural Nets and Genetic Algorithms},
    publisher   = {Springer-Verlag},
    year        = {1998},
    pages       = {325-328},
    langid      = {english}
}

@misc{ foga,
    author      = {Forrest, Stephanie and Mitchell, Melanie},
    title       = {Relative Building-Block Fitness and the Building-Block Hypothesis},
    year        = {1993},
    langid      = {english}
}

@book{ mitchell,
    author      = {Mitchell, M.},
    publisher   = {MIT Press},
    address     = {Cambridge, MA},
    title       = {An Introduction to Genetic Algorithms},
    year        = {1996},
    langid      = {english}
}

@inproceedings{ offutt-uml,
	author      = {Offutt, Jeff and Abdurazik, Aynur},
	title       = {Generating Tests from UML specifications},
	booktitle   = {Second International Conference on the Unified Modeling Language (UML99)}, 
	pages       = {416-429}, 
	year        = {1999},
	langid      = {english}
}

@inproceedings{ offutt-state-2000,
	author      = {Offutt, Jeff and Abdurazik, Aynur},
	title       = {Using UML Collaboration diagrams for static checking and test generation},
	booktitle   = {Third International Conference on UML},
	year        = {2000},
	address     = {UK},
	langid      = {english}
}

@techreport{ bousquet,
    author      = {Bousquet, Lydie du and Martin, Hugures and Jezequel, Jean Marc},
    title       = {Conformance Testing from UML Specification Experience Report},
    year        = {2001},
    langid      = {english}
}

@article{ offutt-state-2003,
	author      = {Offutt, Jeff and Shaoying, Liu and Abdurazik, Aynur and Ammann, Paul},
    title       = {Generating Test data from State based Specifications},
    journal     = {The Journal of Software Testing, Verification and Reliability},
    volume      = {1},
    number      = {13},
    year        = {2003},
    pages       = {25-53},
    langid      = {english}
}

@inproceedings{ toth,
	author      = {Toth, Andras and Varro, Daniel and Pataricca, Andras},
	title       = {Model Level Automatic Test Generation for UML State-Charts},
	year        = {2003},
	booktitle   = {Sixth IEEE workshop on Design and Diagnostics of Electronic Circuits and System},
	langid      = {english}
}

@article{ orshanskiy,
    title       = {О решении олимпиадных задач по программированию формата ACM ICPC},
    author      = {Оршанский, С. А.},
    journal     = {Информатика},
    year        = {2006},
    volume      = {1},
    pages       = {21-26},
    langid      = {russian}
}

@article{ akishev,
    title       = {Об опыте участия в командных соревнованиях по программированию формата ACM},
    author      = {Акишев, И. Р.},
    journal     = {Информатика},
    year        = {2008},
    volume      = {19},
    pages       = {20-28},
    langid      = {russian}
}

@techreport{ harman-langdon-bowtie,
    author      = {William B. Langdon and Mark Harman},
    title       = {Genetically Improving 50000 Lines of C++: Research Note RN/12/09},
    year        = {2012},
    langid      = {english}
}

@article {mulknap-is-np-hard,
    author      = {Zhang, Li'ang and Geng, Suyun},
    title       = {The Complexity of the 0/1 Multi-knapsack problem},
    journal     = {Journal of Computer Science and Technology},
    volume      = {1},
    number      = {1},
    year        = {1986},
    pagea       = {46-50},
    langid      = {english}
}

@book{ competitive-programming-3,
    author      = {Steven Halim},
    title       = {Competitive Programming 3: The New Lower Bound of Programming Contests},
    numpages    = {447},
    pagetotal   = {447},
    publisher   = {Lulu},
    langid      = {english}
}

@article{ oi-random-test-cases,
    author      = {Krassimir Manev and Biserka Yovcheva and Milko Yankov and Peter Petrov},
    journal     = {Olympiads in Informatics},
    title       = {Testing of Programs with Random Generated Test Cases},
    volume      = {4},
    year        = {2010},
    pages       = {76-86},
    langid      = {english}
}

@book{ hromkovic-fundamental-2010,
    editor      = {Juraj Hromkovic and Richard Kr{\'a}lovic and Jan Vahrenhold},
    title       = {Teaching Fundamentals Concepts of Informatics},
    booktitle   = {4th International Conference on Informatics in Secondary Schools -- Evolution and Perspectives},
    publisher   = {Springer},
    series      = {Lecture Notes in Computer Science},
    number      = {5941},
    year        = {2010},
    langid      = {english}
}

@inproceedings{ flopsy-pex,
    author      = {Kiran Lakhotia and Nikolai Tillmann and Mark Harman and Jonathan de Halleux},
    title       = {FloPSy -- Search-Based Floating Point Constraint Solving for Symbolic Execution},
    booktitle   = {22nd IFIP International Conference on Testing Software and Systems},
    year        = {2010},
    pages       = {142-157},
    langid      = {english}
}

@book{ skobtsov-meta,
    author      = {Ю. А. Скобцов and Е. Е. Федоров},
    title       = {Метаэвристики},
    year        = {2013},
    numpages    = {426},
    pagetotal   = {426},
    publisher   = {Ноулидж},
    address     = {Донецк},
    langid      = {russian}
}

@book{ skobtsov,
    author = {Юрий Александрович Скобцов},
    title = {{Основы эволюционных вычислений}},
    address = {Донецк},
    publisher = {ДонНТУ},
    year = {2008},
    hyphenation = {russian}
}

@inproceedings{ monkey-search,
    author      = {A. Mucherino and O. Seref},
    title       = {Monkey Search: A Novel Meta-Heuristic Search for Global Optimization},
    booktitle   = {Data Mining, System Analysis and Optimization in Biomedicine, AIP Conference Proceedings},
    year        = {2007},
    pages       = {162-173},
    langid      = {english}
}

@inproceedings{ extremal-optimization,
    author      = {S. Boettcher and A. G. Percus},
    title       = {Extremal Optimization: Methods derived from co-evolution},
    booktitle   = {Proceedings of the Genetic and Evolutionary Computation Conference},
    year        = {1999},
    pages       = {825-832},
    langid      = {english}
}

@article{ harmony-search,
    author      = {Z. V. Geem and J. H. Kim and G. V. Loganathan},
    title       = {A new heuristic optimization algorithm: harmony search},
    journal     = {Simulation},
    volume      = {76},
    year        = {2001},
    pages       = {60-68},
    langid      = {english}
}

@article{ galaxy-search,
    author      = {H. Shah-Hosseini},
    title       = {Principal component analysis by the galaxy-based search algorithm: a novel metaheuristic for continuous optimization},
    journal     = {International Journal on Computation Science and Engineering},
    year        = {2011},
    volume      = {1/2},
    pages       = {132-140},
    langid      = {english} 
}

@inproceedings{ ils,
    author      = {T. G. Stutzle and H. H. Hoos},
    title       = {Analyzing the run-time behavior of iterated local search for the TSP},
    booktitle   = {Proceedings of III Metaheuristic International Conference},
    year        = {1999},
    pages       = {1-18},
    langid      = {english}
}

@article{ variable-neighborhood,
    author      = {N. Mladenovic and P. Hansen},
    title       = {Variable neighborhood search},
    journal     = {Computers and Operations Research},
    year        = {1997},
    volume      = {24},
    number      = {11},
    pages       = {1097-1100},
    langid      = {english}
}

@article{ feo,
    author      = {T. A. Feo and M. G. C. Resende},
    title       = {A probabilistic heuristic for a computationally difficult set covering problem},
    journal     = {Operations Research Letters},
    year        = {1989},
    volume      = {8},
    pages       = {67-71},
    langid      = {english}
}

@inproceedings{ guided-local-search,
    author      = {C. Voudouris and E. P. K. Tsang},
    title       = {Guided local search joins the elite in discrete optimization},
    booktitle   = {Proceedings of DIMACS Workshop on Constraint Programming and Large Scale Discrete Optimization},
    publisher   = {Rutgers},
    address     = {New Jersey},
    year        = {1998},
    pages       = {29-40},
    langid      = {english}
}

@article{ tabu-search,
    author      = {F. Glover},
    title       = {Tabu search methods for optimization},
    journal     = {Feature Issue of European Journal on Operations Research},
    volume      = {106},
    number      = {2}, 
    year        = {1998},
    pages       = {110-115},
    langid      = {english}
}

@article{ reactive-tabu-search,
    author      = {R. Battiti and G. Tecchiolli},
    title       = {The reactive tabu search},
    journal     = {ORSA Journal on Computing},
    year        = {1994},
    volume      = {6},
    number      = {2},
    pages       = {126-140},
    langid      = {english}
}

@incollection{ popmusic,
    author      = {E. Taillard and S. Voss},
    title       = {POPMUSIC: Partial optimization metaheuristic under special intensification conditions},
    booktitle   = {Essays and surveys in metaheuristics},
    year        = {2001},
    pages       = {613-629},
    langid      = {english}
}

@book{ memetic-algorithms,
    author      = {P. Moscato},
    title       = {On Evolution, Search, Optimization, Genetic Algorithms and Martial Arts: Towards Memetic Algorithms},
    numpages    = {101},
    pagetotal   = {101},
    year        = {1989},
    publisher   = {California Institute of Technology},
    address     = {Pasadena},
    langid      = {english}
}

@article{ fogel-automata,    
    author      = {L. J. Fogel},
    title       = {Autonomous automata},
    journal     = {Industrial Research},
    year        = {1962},
    volume      = {4},
    pages       = {14-19},
    langid      = {english}
}

@inproceedings{ cultural-algorithms, 
    author      = {R. G. Reynolds},
    title       = {An Introduction to Cultural Algorithms},
    booktitle   = {Proceedings of the 3rd Annual Conference on Evolutionary Programming},
    year        = {1994},
    pages       = {131-139},
    langid      = {english}
}

@book{ baluja-incremental,
    author      = {S. Baluja},
    title       = {Population-based incremental learning: A method for integrating genetic search based function optimization and competitive learning},
    year        = {1994},
    numpages    = {100},
    pagetotal   = {100},
    publisher   = {Carnegie Mellon University},
    address     = {Pittsburgh, Pennsylvania},
    langid      = {english}
}

@article{ simulated-crossover,
    author      = {G. Syswerda},
    title       = {Simulated crossover in genetic algorithms},
    journal     = {Foundations of Genetic Algorithms},
    year        = {1993},
    volume      = {2},
    pages       = {239-255},
    langid      = {english}
}

@article{ muhl-univariate,
    author      = {H. Muehlenbein},
    title       = {The equation for response to selection and its use for prediction},
    journal     = {Evolutionary Computation},
    volume      = {5},
    number      = {3},
    year        = {1997},
    pages       = {303-346},
    langid      = {english}
}

@article{ compact-ga,
    author      = {G. R. Harik and F. G. Lobo and D. E. Goldberg},
    title       = {The compact genetic algorithm},
    journal     = {IEEE Transactions on Evolutionary Computation},
    year        = {1999},
    volume      = {3},
    number      = {4},
    pages       = {287-297},
    langid      = {english}
}

@incollection{ muhl-bivariate,
    author      = {M. Pelikan and H. Muehlenbein},
    title       = {The Bivariate Marginal Distribution Algorithm},
    booktitle   = {Advances in Soft Computing: Engineering Design and Manufacturing},
    year        = {1999},
    pages       = {521-535},
    address     = {London},
    publisher   = {Springer},
    langid      = {english}
}

@inproceedings{ comit,
    author      = {S. Baluja and S. Davies},
    title       = {Using optimal dependency-trees for combinatorial optimization: learning the structure of the search space},
    booktitle   = {Proceedings of the International Conference on Machine Learning},
    year        = {1997},
    pages       = {30-38},
    langid      = {english}
}

@article{ mimic,
    author      = {J. S. de Bonet and C. L. Isbell and P. Viola},
    title       = {MIMIC: finding optima by estimating probability densities},
    journal     = {Advances in Neural Information Processing Systems},
    year        = {1997},
    volume      = {9},
    pages       = {424-431},
    langid      = {english}
}

@article{ bayesian-opt,
    author      = {M. Pelikan and D. E. Goldberg and E. Cantu-Paz},
    title       = {Linkage Problem, Distribution Estimation, and Bayesian Networks},
    journal     = {Evolutionary Computation},
    year        = {2002},
    volume      = {8},
    number      = {3},
    pages       = {311-341},
    langid      = {english}
}

@inproceedings{ markov-opt,
    author      = {S. Shakya and R. Santana},
    title       = {An EDA based on local Markov property and Gibbs sampling},
    booktitle   = {Proceedings of Genetic and Evolutionary Computation Conference},
    year        = {2008},
    pages       = {475-476},
    langid      = {english}
}

@book{ ext-compact-ga,
    author      = {G. R. Harik},
    title       = {Linkage Learning via Probabilistic Modeling in the Extended Compact Genetic Algorithm (ECGA)},
    year        = {1999},
    numpages    = {19},
    pagetotal   = {19},
    publisher   = {University of Illinois},
    address     = {Urbana},
    langid      = {english}
}

@inproceedings{ pso,
    author      = {R. C. Eberhart and J. Kennedy},
    title       = {A new optimizer using particle swarm theory},
    booktitle   = {Proceedings of the Sixth International Symposium on Micro Machine and Human Science},
    year        = {1995},
    pages       = {39-43},
    langid      = {english}
}

@article{ fish-swarm,
    author      = {X. L. Li and Z. J. Shao and J. X. Qian},
    title       = {An optimizing method based on autonomous animate: Fish swarm algorithm},
    journal     = {Systems Engineering: Theory and Practice},
    year        = {2002},
    volume      = {22},
    pages       = {32-38},
    langid      = {english}
}

@inproceedings{ cuckoo,
    author      = {X. S. Yang and S. Deb},
    title       = {Cuckoo search via Levy flights},
    booktitle   = {Proceedings of World Congress on Nature and Biologically Inspired Computing},
    year        = {2009},
    pages       = {210-214},
    langid      = {english}
}

@incollection{ bat-algorithm,
    author      = {X. S. Yang},
    title       = {A New Metaheuristic Bat-Inspired Algorithm},
    booktitle   = {Nature Inspired Cooperative Strategies for Optimization},
    year        = {2010},
    pages       = {65-74},
    langid      = {english}
}

@inproceedings{ cat-algorithm,
    author      = {S. C. Chu and P. W. Tsai and J. S. Pan},
    title       = {Cat swarm optimization},
    booktitle   = {Proceedings of the 9th Pacific Rim International Conference on Artificial Intelligence},
    year        = {2006},
    pages       = {854-858},
    langid      = {english}
}

@article{ frog-algorithm,
    author      = {M. M. Eusuff and K. E. Lansey},
    title       = {Optimization of water distribution network design using the shuffled frog leaping algorithm},
    journal     = {Journal of Water Resource Planning and Management},
    year        = {2003},
    volume      = {129},
    pages       = {210-225},
    langid      = {english}
}

@article{ dorigo-ant-system,
    author      = {M. Dorigo},
    title       = {The ant system: Optimization by colony of cooperating agents},
    journal     = {IEEE Transactions on Systems, Man and Cybernetics},
    volume      = {26},
    number      = {1},
    year        = {1996},
    pages       = {1-13},
    langid      = {english}
}

@article{ dorigo-ant-colony,
    author      = {M. Dorigo and L. M. Gambardella},
    title       = {Ant Colony System: A Cooperative Learning Approach to the Traveling Salesman Problem},
    journal     = {IEEE Transactions on Evolutionary Computation},
    year        = {1997},
    volume      = {1},
    year        = {1},
    pages       = {53-66},
    langid      = {english}
}

@incollection{ firefly-algorithm,
    author      = {X. S. Yang},
    title       = {Firefly algorithms for multimodal optimization},
    booktitle   = {Stochastic Algorithms: Foundations and Applications},
    series      = {Lecture Notes in Computer Science},
    year        = {2009},
    number      = {5792},
    pages       = {169-178},
    langid      = {english}
}

@inproceedings{ glowworm-algorithm,
    author      = {K. N. Krishnanand and D. Ghose},
    title       = {Detection of multiple source locations using a glowworm metaphor with applications to collective robotics},
    booktitle   = {IEEE Swarm Intelligence Symposium},
    year        = {2005},
    pages       = {84-91},
    langid      = {english}
}

@inproceedings{ bee-colony,
    author      = {B. Basturk and D. Karaboga},
    title       = {An Artificial Bee Colony (ABC) Algoritmh for Numeric Function Optimization},
    booktitle   = {IEEE Swarm Intelligence Symposium},
    year        = {2006},
    pages       = {10-15},
    langid      = {english}
}

@inproceedings{ wasp-algorithm,
    author      = {C. Pinto and T. A. Runkler and J. M. Sousa},
    title       = {Wasp Swarm Algorithm for Dynamic MAX-SAT Problems},
    booktitle   = {Proceedings of the 8th International Conference on Adaptive and Natural Computing Algorithms},
    volume      = {1},
    pages       = {350-357},
    year        = {2007},
    langid      = {english}
}

@article{ ecoli-algorithm,
    author      = {Y. Liu and K. M. Passino},
    title       = {Biomimicry of Social Foraging Bacteria for Distributed Optimization},
    journal     = {Journal of Optimization Theory and Applications},
    year        = {2002},
    volume      = {115},
    number      = {3},
    pages       = {603-628},
    langid      = {english}
}

@article{ weed-algorithm,
    author      = {A. R. Mehrabian and C. Lucas},
    title       = {A novel numerical optimization algorithm inspired from weed colonization},
    journal     = {Ecological Informatics},
    year        = {2006},
    volume      = {1},
    pages       = {355-366},
    langid      = {english}
}

@inproceedings{ water-drops,
    author      = {H. Shah-Hosseini},
    title       = {Problem Solving by Intelligent Water Drops},
    booktitle   = {Proceedings of IEEE Congress on Evolutionary Computation},
    year        = {2007},
    pages       = {3226-3231},
    langid      = {english}
}

@incollection{ river-formation,
    author      = {P. Rabanal and I. Rodrigues and F. Rubio},
    title       = {Using River Formation Dynamics to Design Heuristic Algorithms},
    booktitle   = {Unconventional Computation},
    series      = {Lecture Notes in Computer Science},
    number      = {4618},
    year        = {2007},
    pages       = {163-177},
    langid      = {english}
}

@article{ gravity-algorithm,
    author      = {E. Rashedi and H. Nezamabadi-pour},
    title       = {A gravitational search algorithm},
    journal     = {Information Sciences},
    volume      = {179},
    number      = {13},
    year        = {2209},
    pages       = {2232-2248},
    langid      = {english}
}

@article{ electro-algorithm,
    author      = {S. Birbil and Sh. Fang},
    title       = {An Electromagnetism-like Mechanism for Global Optimization},
    journal     = {Journal of Global Optimization},
    volume      = {25},
    year        = {2003},
    pages       = {263-282},
    langid      = {english}
}

@article{ charge-algorithm,
    author      = {A. Kaveh and S. Talatahari},
    title       = {A novel heuristic optimization method: charged system search},
    journal     = {Acta Mechanica},
    year        = {2010},
    volume      = {213},
    pages       = {267-289},
    langid      = {english}
}

@inproceedings{ stochastic-diffusion,
    author      = {J. M. Bishop},
    title       = {Stochastic Searching Networks},
    booktitle   = {Proceedings of 1st IEEE Conference on Artificial Neural Networks},
    year        = {1989},
    pages       = {329-331},
    langid      = {english}
}

@article{ rice-algorithm-selection,
    author      = {J. R. Rice},
    title       = {The algorithm selection problem},
    journal     = {Advances in Computers},
    volume      = {15},
    year        = {1976},
    pages       = {65-118},
    langid      = {english}
}

@article{ kotthoff-algorithm-selection,
    author      = {L. Kotthoff},
    title       = {Algorithm selection for combinatorial search problems: A survey},
    journal     = {AI Magazine},
    year        = {2014},
    langid      = {english}
}

@article{ gomes-portfolios,
    author      = {C. P. Gomes and B. Selman},
    title       = {Algorithm portfolios},
    journal     = {Artificial Intelligence},
    volume      = {126},
    number      = {1},
    pages       = {43-62},
    year        = {2001},
    langid      = {english}
}

@inproceedings{ yuen-evo-portfolio,
    author      = {S. Y. Yuen and C. K. Chow and X. Zhang},
    title       = {Which {A}lgorithm {S}hould {I} {C}hoose at {A}ny {P}oint of the {S}earch: An {E}volutionary {P}ortfolio {A}pproach},
    booktitle   = {Proceedings of the Genetic and Evolutionary Computation Conference},
    year        = {2013},
    pages       = {567-574},
    langid      = {english}
}

@incollection{ black-box-algorithm-portfolios,
    author      = {Petr Baudi{\v s} and Petr Po{\v s}{\'i}k},
    title       = {Online {B}lack-{B}ox {A}lgorithm {P}ortfolios for {C}ontinuous {O}ptimization},
    booktitle   = {Parallel Problem Solving from Nature -- {PPSN} {XIII}},
    series      = {Lecture Notes in Computer Science},
    number      = {8672},
    pages       = {40-49},
    year        = {2014},
    langid      = {english}
}

@article{ bang-algorithm,
    author      = {O. K. Erol and I. Eksin},
    title       = {A new optimization method: Big Bang-Big Crunch},
    journal     = {Advances in Engineering Software},
    year        = {2006},
    volume      = {37},
    number      = {2},
    pages       = {106-111},
    langid      = {english}
}

@article{ clonal-selection,
    author      = {de Castro, L. N. and von Zuben, F. J.},
    title       = {Learning and optimization using clonal selection principle},
    journal     = {IEEE Transactions on Evolutionary Computation},
    volume      = {6},
    year        = {2002},
    pages       = {239-251},
    langid      = {english}
}

@inproceedings{ negative-selection,
    author      = {S. Forrest and A. S. Perelson and L. Allen and R. Cherukuri},
    title       = {Self-Nonself Discrimination in a Computer},
    booktitle   = {Proceedings of the IEEE Symposium on Security and Privacy},
    year        = {1994},
    pages       = {202-212},
    langid      = {english}
}

@inproceedings{ artificial-immune-network,
    author      = {L. N. de Castro and F. J. von Zuben},
    title       = {An evolutionary immune network for data clustering},
    booktitle   = {Proceedings of the 6th Brazilian Symposium on Neural Networks},
    year        = {2000},
    pages       = {84-89},
    langid      = {english}
}

@incollection{ bcell-algorithm,
    author      = {J. Kelsey and J. Timmis},
    title       = {Immune Inspired Somatic Contiguous Hypermutation for Function Optimization},
    booktitle   = {Proceedings of Genetic and Evolutionary Computation Conference},
    series      = {Lecture Notes in Computer Science},
    year        = {2003},
    number      = {2723},
    pages       = {207-218},
    langid      = {english}
}

@incollection{ hybrid-immune-algorithm,
    author      = {M. Lucinska and S. T. Wierzchon},
    title       = {Hybrid Immune Algorithm for Multimodal Function Optimization},
    booktitle   = {Recent Advances in Intelligent Information Systems},
    year        = {2009},
    pages       = {301-313},
    langid      = {english}
}

@article{ tcell-algorithm,
    author      = {V. S. Aragon and S. C. Esquivel and Coello Coello, C. A},
    title       = {Solving Constrained Optimization using a T-Cell Artificial Immune System},
    journal     = {Inteligencia Artificial},
    volume      = {40},
    year        = {2008},
    pages       = {7-22},
    langid      = {english}
}

@inproceedings{ scatter-search,
    author      = {F. Glover},
    title       = {A Template for Scatter Search and Path Relinking},
    booktitle   = {Proceedings of the 3rd European Conference on Artificial Evolution},
    year        = {1998},
    pages       = {3-54},
    langid      = {english}
}

@inproceedings{ fitnex,
    author      = {Tao Xie and Nikolai Tillmann and Peli de Halleux and Wolfram Schulte},
    booktitle   = {Proceedings of the 39th Annual IEEE/IFIP International Conference on Dependable Systems and Networks (DSN 2009)}, 
    publisher   = {IEEE},
    title       = {Fitness-Guided Path Exploration in Dynamic Symbolic Execution}, 
    pages       = {359-368},
    year        = {2009},
    langid      = {english}
}

@inproceedings{ rl-for-ea-adjusting,
    author      = {Sibylle D. M\"uller and Nicol N. Schraudolph and Petros D. Koumoutsakos},
    title       = {Step Size Adaptation in Evolution Strategies using Reinforcement Learning},
    booktitle   = {Proceedings of the 2002 Congress on Evolutionary Computation CEC2002},
    year        = {2002},
    pages       = {151-156},
    publisher   = {IEEE Press},
    langid      = {english}
}

@inproceedings{brys-mion,
  author    = {Tim Brys and
               Anna Harutyunyan and
               Peter Vrancx and
               Matthew E. Taylor and
               Daniel Kudenko and
               Ann Now{\'{e}}},
  title     = {Multi-objectivization of reinforcement learning problems by reward
               shaping},
  booktitle = {2014 International Joint Conference on Neural Networks},
  year      = {2014},
  pages     = {2315-2322},
  langid    = {english}
}

@inproceedings{karafotias-gecco,
  author    = {Giorgos Karafotias and
               {\'{A}}goston E. Eiben and
               Mark Hoogendoorn},
  title     = {Generic parameter control with reinforcement learning},
  booktitle = {Proceedings of Genetic and Evolutionary Computation Conference},
  year      = {2014},
  pages     = {1319-1326},
  langid    = {english}
}

@ARTICLE{karafotias-overview,
author={Karafotias, G. and Hoogendoorn, M. and Eiben, A.},
journal={Evolutionary Computation, IEEE Transactions on},
title={Parameter Control in Evolutionary Algorithms: Trends and Challenges},
year={2014},
volume={PP},
number={99},
pages={1-1},
keywords={Algorithm design and analysis;Evolutionary computation;Genetic algorithms;Sociology;Statistics;Taxonomy;Tuning},
doi={10.1109/TEVC.2014.2308294},
ISSN={1089-778X}}

@article{multiplicative-drift-theorem,
    author      = {Benjamin Doerr and Daniel Johannsen and Carola Winzen},
    title       = {Multiplicative Drift Analysis},
    journal     = {Algorithmica},
    year        = {2012},
    volume      = {64},
    number      = {4},
    pages       = {673-697},
    langid      = {english}
}

@article{additive-drift-theorem,
    author      = {Bruce Hajek},
    title       = {Hitting-Time and Occupation-Time Bounds Implied by Drift Analysis with Applications},
    journal     = {Advances in Applied Probability},
    volume      = {14},
    number      = {3},
    year        = {1982},
    pages       = {502-525},
    langid      = {english}
}

@article{droste-jansen-wegener,
    author      = {Droste, Stefan and Jansen, Thomas and Wegener, Ingo},
    title       = {Upper and Lower Bounds for Randomized Search Heuristics in Black-Box Optimization},
    journal     = {Theory of Computing Systems},
    volume      = {39},
    number      = {4},
    year        = {2006},
    pages       = {525-544},
    publisher   = {Springer-Verlag New York, Inc.},
    address     = {Secaucus, NJ, USA},
    langid      = {english}
} 

@inproceedings{yao-minimax,
    author      = {Yao, Andrew Chi-Chin},
    booktitle   = {18th Annual Symposium on Foundations of Computer Science},
    title       = {Probabilistic computations: Toward a unified measure of complexity},
    year        = {1977},
    pages       = {222-227},
    langid      = {english}
}

@inproceedings{doerr-johannsen-faster-blackbox,
    author      = {Benjamin Doerr and Daniel Johannsen and Timo K\"otzing and Per Kristian Lehre
                   and Markus Wagner and Carola Winzen},
    booktitle   = {Proceedings of Foundations of Genetic Algorithms},
    title       = {Faster black-box algorithms through higher arity operators},
    year        = {2011},
    pages       = {163-172},
    langid      = {english}
}

@article{hoeffding,
    author      = {Wassily Hoeffding},
    title       = {Probability Inequalities for Sums of Bounded Random Variables},
    journal     = {Journal of the American Statistical Association},
    volume      = {58},
    number      = {301},
    year        = {1963},
    pages       = {13-30},
    langid      = {english}
}

@inproceedings{learning-from-black-box,
    author      = {Benjamin Doerr and Carola Doerr and Franziska Ebel},
    title       = {Lessons from the black-box: fast crossover-based genetic algorithms},
    booktitle   = {Proceedings of Genetic and Evolutionary Computation Conference},
    year        = {2013},
    pages       = {781-788},
    langid      = {english}
}

@article{learning-from-black-box-thcs,
    author      = {Benjamin Doerr and Carola Doerr and Franziska Ebel},
    title       = {From black-box complexity to designing new genetic algorithms},
    journal     = {Theoretical Computer Science},
    year        = {2015},
    volume      = {567},
    pages       = {87-104},
    langid      = {english}
}

@inproceedings{ too-fast-unbiased-bbc,
    author      = {Doerr, B. and K{\"o}tzing, T. and Winzen, C.},
    title       = {Too fast unbiased black-box algorithms},
    booktitle   = {Proceedings of Genetic and Evolutionary Computation Conference},
    year        = {2011},
    pages       = {2043-2050},
    publisher   = {ACM},
    langid      = {english}
}

@inproceedings{ unbiased-bbc,
    author      = {Lehre, Per Kristian and Witt, Carsten},
    title       = {Black-box Search by Unbiased Variation},
    booktitle   = {Proceedings of Genetic and Evolutionary Computation Conference},
    publisher   = {ACM},
    year        = {2010},
    pages       = {1441-1448},
    langid      = {english}
}

@inproceedings{ unbiased-bbc-algorithmica,
    author      = {Lehre, Per Kristian and Witt, Carsten},
    title       = {Black-box Search by Unbiased Variation},
    journal     = {Algorithmica},
    year        = {2012},
    pages       = {623-642},
    volume      = {64},
    langid      = {english}
}

@inproceedings{doerr-unbiased-jump-gecco,
    author      = {Benjamin Doerr and Carola Doerr and Timo K\"otzing},
    title       = {Unbiased Black-Box Complexities of Jump Functions},
    year        = {2014},
    booktitle   = {Proceedings of Genetic and Evolutionary Computation Conference},
    pages       = {769-776},
    langid      = {english}
}

@online{doerr-unbiased-jump-arxiv,
    author      = {Benjamin Doerr and Carola Doerr and Timo K\"otzing},
    title       = {Unbiased Black-Box Complexities of Jump Functions},
    url         = {http://arxiv.org/abs/1403.7806v2},
    langid      = {english}
}

@book{systems,
    author      = {С. И. Николенко and А. Л. Тулупьев},
    title       = {Самообучающиеся системы},
    address     = {М.},
    publiser    = {МЦНМО},
    year        = {2009},
    langid      = {russian}
}

@article{evt,
    author      = {Ю. Г. Евтушенко and В. Г. Жадан},
    title       = {Точные вспомогательные функции в задачах оптимизации},
    journal     = {Журнал вычислительной математкики и математической физики},
    volume      = {30},
    number      = {1},
    year        = {1990},
    pages       = {43-57},
    langid      = {russian}
}

@article{coello,
    author      = {C. Segura and C. A. C. Coello and G. Miranda and C. L{\'e}on},
    title       = {Using multi-objective evolutionary algorithms for single-objective optimization},
    journal     = {4OR},
    volume      = {3},
    number      = {11},
    year        = {2013},
    pages       = {201-228},
    langid      = {english}
}

@incollection{handl-protein,
    year={2008},
    booktitle={Parallel Problem Solving from Nature -- {PPSN} {X}},
    volume={5199},
    series={Lecture Notes in Computer Science},
    editor={Rudolph, G\"unter and Jansen, Thomas and Beume, Nicola and Lucas, Simon and Poloni, Carlo},
    title={Investigations into the Effect of Multiobjectivization in Protein Structure Prediction},
    publisher={Springer Berlin Heidelberg},
    author={Handl, Julia and Lovell, Simon C. and Knowles, Joshua},
    pages={702-711},
    langid={english}
}

@inproceedings{gecco-protein,
   author = {Garza-Fabre, Mario and Toscano-Pulido, Gregorio and Rodriguez-Tello, Eduardo},
   title = {Locality-based Multiobjectivization for the HP Model of Protein Structure Prediction},
   booktitle = {Proceedings of the 14th Annual Conference on Genetic and Evolutionary Computation},
   series = {GECCO '12},
   year = {2012},
   pages = {473--480},
   publisher = {ACM},
   address = {New York, NY, USA},
   langid      = {english}
} 

@book{eiben-ea,
    author      = {A. E. Eiben and J. E. Smith},
    title       = {{I}ntroduction to {E}volutionary {C}omputing},
    publisher   = {Springer-Verlag},
    address     = {Berlin, Heidelberg, New York},
    year        = {2007},
    langid      = {english}
}

@article{tunable-obj,
    author      = {Darrell F. Lochtefeld and Frank W. Ciarallo},
    title       = {Multiobjectivization via helper objectives with the tunable objectives problem},
    journal     = {IEEE Trans. Evolutionary Computation},
    volume      = {16},
    number      = {3},
    year        = {2012},
    pages       = {373-390},
    langid      = {english}
}

@book{polikarpova-shalyto,
	author		= {Надежда Игоревна Поликарпова and Анатолий Абрамович Шалыто},
	title		= {Автоматное программирование},
	address		= {СПб.},
	publisher	= {Питер},
	year		= {2011},
	pagetotal   = {176},
	numpages    = {176},
	langid		= {russian}
}

@book{polikarpova,
    author      = {Nadezhda Polikarpova and Anatoly Shalyto},
    title       = {Automata-based Programming, 2nd Edition (in Russian)},
    year        = {2011},
    publisher   = {Piter},
    numpages    = {176},
    pagetotal   = {176},
	langid      = {english}
}

@article{kuzmin-sokolov,
    author      = {E. V. Kuzmin and V. A. Sokolov},
    title       = {Modeling, Specification, and Verification of Automaton Programs},
    journal     = {Programming and Computer Software},
    year        = {2008},
    volume      = {34},
    number      = {1},
    pages       = {27-43}
}

@incollection{lang-edsm,
	author		= {Lang, K. J. and Pearlmutter, B. A. and Price, R. A},
	title		= {Results of the {A}bbadingo {O}ne {DFA} learning competition and a new evidence-driven state merging algorithm},
	booktitle	= {ICGI},
	series		= {Lecture Notes in Computer Science},
	publisher	= {Springer},
	year		= {1998},
	number		= {1433},
	pages		= {1-12},
	langid		= {english}
}

@incollection{heule-dfa-sat,
	author		= {Heule, M. and Verwer, S},	
	title		= {Exact DFA Identification Using SAT Solvers},
	booktitle	= {Grammatical Inference: Theoretical Results and Applications 10th International Colloquium},
	series		= {Lecture Notes in Computer Science},
	year		= {2010},
	number		= {6339},
	publisher	= {Springer},
	pages		= {66-79},
	langid		= {english}
}

@inproceedings{ulyantsev-dfa-sat,
	author		= {Ulyantsev, V. and Tsarev, F.},
	title		= {Extended Finite-State Machine Induction using SAT-Solver},
	booktitle	= {In Proceedings of the 14th IFAC Symposium INCOM},
	year		= {2012},
	pages		= {512-517}
}

@online{anova,
    author 		= {D. S. Soper},
    title 		= {Analysis of Variance (ANOVA) Calculator - One-Way ANOVA from Summary Data [Software]},
    year 		= {2014},
    url 		= {http://www.danielsoper.com/statcalc}
}

@inproceedings{lobanov-flibs,
	author		= {Лобанов, П. Г. and Шалыто, А. А},
	title		= {Использование генетических алгоритмов для автоматического построения конечных автоматов в задаче о <<Флибах>>},
	booktitle	= {Сборник докладов 4-й Всероссийской научной конференции <<Управление и информационные технологии>>},
	year		= {2006},
	pages		= {144-149},
	langid		= {russian}
}

@inproceedings{chellapila-fsm,
	author		= {Chellapilla, K. and Czarnecki, D.},
	title		= {A preliminary investigation into evolving modular finite state machines},
	booktitle	= {Proceedings of the 1999 Congress on Evolutionary Computation},
	year		= {1999},
	volume		= {2},
	pages		= {1349-1356},
	langid		= {english}
}

@inproceedings{kim-fsm,
	author		= {Kim., D.},
	title		= {Memory analysis and significance test for agent behaviours},
	booktitle	= {Proceedings of the 8th  Conference on Genetic and Evolutionary Computation},
	year		= {2006},
	pages		= {151-158},
	langid		= {english}
}

@inproceedings{spears-gordon-resources,
	author		= {Spears, W. M. and Gordon, D. E.},
	title		= {Evolving finite-state machine strategies for protecting resources},
	booktitle	= {Proceedings of the International Symposium on Methodologies for Intelligent Systems},
	year		= {2000},
	pages		= {166-175},
	langid		= {english}
}

@inproceedings{alexandrov-gecco,
	author		= {Alexandrov, A. and Sergushichev, A. and Kazakov, S. and Tsarev, F.},
	title		= {Genetic algorithm for induction of finite automata with continuous and discrete output actions},
	booktitle	= {Proceedings of the 13th Conference Companion on Genetic and Evolutionary Computation},
	publisher	= {ACM},
	year		= {2011},
	pages		= {775-778},
	langid		= {english}
}

@article{polikarpova-reduced-tables,
	author		= {Поликарпова, Н. И. and Точилин, В. Н. and Шалыто, А. А},
	title		= {Метод сокращенных таблиц для генерации автоматов с большим числом входных переменных на основе генетического программирования},
	journal		= {Известия РАН. Теория и системы управления},
	year		= {2010},
	number		= {2},
	pages		= {100-117},
	langid		= {russian}
}

@inproceedings{egorov-gecco,
	author		= {Tsarev, F. and Egorov, K},
	title		= {Finite-state machine induction using genetic algorithm based on testing and model checking},
	booktitle	= {Proceedings of the 2011 GECCO Conference Companion on Genetic and Evolutionary Computation},
	year		= {2011},
	pages		= {759-762},
	langid		= {english}
}

@article{B_Automata_Labyrinths,
    author 		= {Кудрявцев, В. Б. and Ушчумлич, Ш. М. and Килибарда, Г.},
    title 		= {О поведении автоматов в лабиринтах},
    journal 	= {Дискретная математика},
    year 		= {1992},
    volume 		= {3},
    pages 		= {3-28},
    langid		= {russian}
}

@article{polikarpova-tochilin,
	author 		= {Поликарпова, Н. И. and Точилин, В. Н. and Шалыто, А. А.},
	title 		= {Метод сокращенных таблиц для генерации автоматов с большим числом входных переменных на основе генетического программирования},
	journal 	= {Известия РАН. Теория и системы управления},
	year 		= {2010},	
	number 		= {6},
	pages 		= {110-117},
    langid		= {russian}
}

@article{B_Hillis_coevolution,
	author 		= {W. D. Hillis},
	title 		= {Co-evolving parasites improve simulated evolution as an optimization procedure},
	journal 	= {Phys. D},
	year		= {1990},
	volume 		= {42},
	number 		= {1-3},
    pages 		= {228-234},
    langid 		= {english}
}
    
@online{watchmaker,
    title 		= {Watchmaker Framework for Evolutionary Computation},
    url 		= {http://watchmaker.uncommons.org},
    howpublished	= {http://watchmaker.uncommons.org},
    langid 		= {english}
}

@inproceedings{jahne09,
    author      = {J\"{a}hne, Martin and Li, Xiaodong and Branke, J\"{u}rgen},
    title       = {Evolutionary Algorithms and Multi-objectivization for the Travelling Salesman Problem},
    booktitle   = {Proceedings of the 11th Annual Conference on Genetic and Evolutionary Computation},
    series      = {GECCO '09},
    year        = {2009},
    pages       = {595-602},
    publisher   = {ACM},
    address     = {New York, NY, USA},
    langid      = {english}
} 

@book{coello-emo-book,
    author      = {Coello, Carlos A. Coello and Lamont, Gary B. and Veldhuizen, David A. Van},
    title       = {Evolutionary Algorithms for Solving Multi-Objective Problems},
    year        = {2006},
    edition     = {second},
    pagetotal   = {800},
    numpages    = {800},
    publisher   = {Springer-Verlag},
    langid      = {english}
} 

@article{lochtefeld14,
    author      = {Lochtefeld, Darrell F. and Ciarallo, Frank W.},
    title       = {An Analysis of Decomposition Approaches in Multi-objectivization via Segmentation},
    journal     = {Appl. Soft Comput.},
    volume      = {18},
    year        = {2014},
    pages       = {209-222},
    publisher   = {Elsevier Science Publishers B. V.},
    langid      = {english}
} 

@book{tsp-description,
    author      = {Applegate, David L. and Bixby, Robert E. and Chvatal, Vasek and Cook, William J.},
    title       = {The Traveling Salesman Problem: A Computational Study (Princeton Series in Applied Mathematics)},
    year        = {2007},
    publisher   = {Princeton University Press},
    address     = {Princeton, NJ, USA},
    langid      = {english}
} 

@article{zdt,
    author      = {E. Zitzler and K. Deb and L. Thiele},
    title       = {Comparison of Multiobjective Evolutionary Algorithms: Empirical Results},
    journal     = {Evolutionary Computation},
    volume      = {8},
    number      = {2},
    pages       = {173-195},
    year        = {2000},
    langid      = {english}
}

@incollection{dtlz,
    author      = {K. Deb and L. Thiele and M. Laumanns and E. Zitzler},
    title       = {Scalable Test Problems for Evolutionary Multiobjective Optimization},
    booktitle   = {Evolutionary Multiobjective Optimization. Theoretical Advances and Applications},
    pages       = {105-145},
    publisher   = {Springer},
    year        = {2005},
    langid      = {english}
}

@article{wfg,
    author      = {S. Huband and P. Hingston and L. Barone and R. L. While},
    title       = {A review of multiobjective test problems and a scalable test problem toolkit},
    journal     = {IEEE Transactions on Evolutionary Computation},
    volume      = {10},
    number      = {5},
    pages       = {477-506},
    year        = {2006},
    langid      = {english}
}

@inproceedings{ auger-hv-theory-gecco,
    author      = {Auger, Anne and Bader, Johannes and Brockhoff, Dimo and Zitzler, Eckart},
    title       = {Theory of the Hypervolume Indicator: Optimal {$\mu$}-distributions and the Choice of the Reference Point},
    booktitle   = {Proceedings of Foundations of Genetic Algorithms},
    year        = {2009},
    pages       = {87-102},
    publisher   = {ACM},
    langid      = {english}
}

@article{ auger-hv-theory-thcs,
    title       = {Hypervolume-based multiobjective optimization: Theoretical foundations and practical implications},
    journal     = {Theoretical Computer Science},
    volume      = {425},
    pages       = {75-103},
    year        = {2012},
    author      = {Anne Auger and Johannes Bader and Dimo Brockhoff and Eckart Zitzler},
    langid      = {english}
}


@article{ hype-algorithm,
    author      = {Johannes Bader and Eckart Zitzler},
    title       = {{HypE}: An Algorithm for Fast Hypervolume-Based Many-Objective Optimization},
    journal     = {Evolutionary Computation},
    year        = {2011},
    volume      = {19},
    number      = {1},
    pages       = {45-76},
    langid      = {english}
}

@article{ quick-hypervolume,
    author      = {Russo, L.M.S. and Francisco, A.P.},
    title       = {Quick Hypervolume},
    journal     = {IEEE Transactions on Evolutionary Computation},
    volume      = {18},
    number      = {4},
    year        = {2014},
    langid      = {english}
}

@online{ box-decomposition-hypervolume,
    author      = {Lacour, R. and Klamroth, K. and Fonseca, C.~M.},
    title       = {A Box Decomposition Algorithm to Compute the Hypervolume Indicator},
    url         = {http://arxiv.org/abs/1510.01963},
    howpublished= {http://arxiv.org/abs/1510.01963},
    year        = {2015},
    langid      = {english}
}

@inproceedings{ hypervolume-is-hard,
    author      = {Bringmann, Karl and Friedrich, Tobias},
    title       = {Approximating the Least Hypervolume Contributor: {NP}-Hard in General, But Fast in Practice},
    booktitle   = {Proceedings of the 5th International Conference on Evolutionary Multi-Criterion Optimization},
    year        = {2009},
    pages       = {6-20},
    langid      = {english}
}

@article{hypervolume,
    author      = {E. Zitzler and L. Thiele},
    title       = {Multiobjective Evolutionary Algorithms: A Comparative Case Study and the {S}trength {P}areto Approach},
    journal     = {IEEE Transactions on Evolutionary Computation},
    volume      = {3},
    number      = {4},
    pages       = {257-271},
    year        = {1999},
    langid      = {english}
}

@article{ knuth-computer-as-mastermind,
    author      = {D. E. Knuth},
    title       = {The Computer as {M}aster {M}ind},
    journal     = {Journal of Recreational Mathematics},
    volume      = {9},
    year        = {1976},
    pages       = {1-6},
    langid      = {english}
}

@inproceedings{ mastermind-upper-bound-doerr,
    author      = {Benjamin Doerr and Reto Sp{\"o}hel and Henning Thomas and Carola Winzen},
    title       = {Playing {M}astermind with Many Colors},
    booktitle   = {Proceedings of the Twenty-Fourth Annual ACM-SIAM Symposium on Discrete Algorithms},
    pages       = {695-704},
    year        = {2013},
    langid      = {english}
}

@article{erdos-renyi-two-problems,
    author      = {Paul Erd\H{o}s and Alfr\'ed R\'enyi},
    title       = {On two problems of information theory},
    journal     = {Magyar Tudom\'anyos Akad\'emia Matematikai Kutat\'o Int\'ezet K\"ozlem\'enyei},
    volume      = {8},
    pages       = {229-243},
    year        = {1963},
    langid      = {english}
}

@inproceedings{anil-wiegand-elimination,
    author      = {Gautham Anil and R. Paul Wiegand},
    title       = {Black-box search by elimination of fitness functions},
    booktitle   = {Proceedings of Foundations of Genetic Algorithms},
    year        = {2009},
    pages       = {67-78},
    langid      = {english}
}

@article{witt-simple-ga,
    author      = {Pietro S. Oliveto and Carsten Witt},
    title       = {On the runtime analysis of the Simple Genetic Algorithm},
    journal     = {Theoretical Computer Science},
    year        = {2014},
    volume      = {545},
    pages       = {2-19},
    langid      = {english}
}

@article{natural-es,
    author      = {Daan Wierstra and Tom Schaul and Tobias Glasmachers and Yi Sun and Jan Peters and J\"urgen Schmidhuber},
    title       = {Natural Evolution Strategies},
    journal     = {Journal of Machine Learning Research},
    year        = {2014},
    volume      = {15},
    pages       = {949-980},
    langid      = {english}
}

@inproceedings{ zarges-mendel,
    author      = {Thomas Jansen and Christine Zarges},
    title       = {Understanding Randomised Search Heuristics. Lessons from the Evolution of Theory: A Case Study},
    booktitle   = {Proceedings of the 20th International Conference on Soft Computing MENDEL},
    year        = {2014},
    pages       = {293-298},
    langid      = {english}
}

@inproceedings{ non-stationary_reward2,
    author      = {Haobo Fu and Peter R. Lewis and Xin Yao},
    title       = {A Q-learning Based Evolutionary Algorithm for Sequential Decision Making Problems},
    booktitle   = {Proceedings of the Workshop ``In Search of Synergies between Reinforcement Learning and Evolutionary Computation'' 
                   at the 13th International Conference on Parallel Problem Solving from Nature},
    publisher   = {VUB Artificial Intelligence Lab},
    year        = {2014},
    langid      = {english}
}


@article{ non-stationary_continuous,
    author      = {Doya, Kenji and Samejima, Kazuyuki and ichi Katagiri, Ken and Kawato, Mitsuo},
    journal     = {Neural Computation},
    pages       = {1347-1369},
    title       = {Multiple model-based reinforcement learning},
    volume      = {14},
    year        = {2002},
    langid      = {english}
}

@inproceedings{earpc,
    author      = {Aleti, Aldeida and Moser, Irene},
    title       = {Entropy-based Adaptive Range Parameter Control for Evolutionary Algorithms},
    booktitle   = {Proceedings of Genetic and Evolutionary Computation Conference},
    year        = {2013},
    pages       = {1501-1508},
    langid      = {english}
} 

@inproceedings{arpc, 
    author      = {Aleti, A. and Moser, I. and Mostaghim, S.}, 
    booktitle   = {Proceedings of Congress on Evolutionary Computation}, 
    title       = {Adaptive Range Parameter Control}, 
    year        = {2012}, 
    pages       = {1-8}, 
    langid      = {english}
}

@techreport{ irace,
    author      = {Manuel L{\'o}pez-Ib{\'a}{\~n}ez  and  J{\'e}r{\'e}mie Dubois-Lacoste  and  Thomas St{\"u}tzle  and  Mauro Birattari},
    title       = {The {irace} package, Iterated Race for Automatic Algorithm Configuration},
    institution = {IRIDIA, Universit{\'e} Libre de Bruxelles, Belgium},
    year        = {2011},
    number      = {TR/IRIDIA/2011-004},
    langid      = {english}
}

@book{ o-rourke-cg-in-c,
    title       = {Computational Geometry in C, 2nd Edition},
    author      = {O'Rourke, Joseph},
    publisher   = {Cambridge Tracts in Theoretical Computer Science},
    year        = {1998},
    langid      = {english}
}

@book{ preparata_shamos_1985,
    place       = {New York, NY},
    title       = {Computational Geometry: An Introduction},
    publisher   = {Springer New York},
    author      = {Preparata, Franco P. and Shamos, Michael Ian},
    year        = {1985},
    langid      = {english}
}

@article{ hypermut,
  author    = {Thomas Jansen and Christine Zarges},
  title     = {Reevaluating Immune-Inspired Hypermutations Using the Fixed Budget Perspective},
  journal   = {{IEEE} Trans. Evolutionary Computation},
  volume    = {18},
  number    = {5},
  pages     = {674--688},
  year      = {2014},
  langid    = {english}
}

@inproceedings{ easiest-chm,
  author    = {Dogan Corus and
               Jun He and
               Thomas Jansen and
               Pietro Simone Oliveto and
               Dirk Sudholt and
               Christine Zarges},
  title     = {On Easiest Functions for Somatic Contiguous Hypermutations And Standard
               Bit Mutations},
  booktitle = {Proceedings of Genetic and Evolutionary Computation Conference},
  pages     = {1399--1406},
  year      = {2015},
  langid    = {english}
}

@inproceedings{ bcell-jansen,
  author    = {Thomas Jansen and
               Pietro Simone Oliveto and
               Christine Zarges},
  title     = {On the Analysis of the Immune-Inspired B-Cell Algorithm for the Vertex
               Cover Problem},
  booktitle = {Artificial Immune Systems - 10th International Conference, {ICARIS}
               2011, Cambridge, UK, July 18-21, 2011. Proceedings},
  pages     = {117--131},
  year      = {2011},
  langid    = {english}
}

@phdthesis{zarges-phdthesis,
  author    = {Christine Zarges},
  title     = {Theoretical Foundations of Artificial Immune Systems},
  school    = {Universit{\"{a}}t Dortmund},
  year      = {2011},
  langid    = {english}
}

@article{droste-ea,
  author    = {Stefan Droste and
               Thomas Jansen and
               Ingo Wegener},
  title     = {On the analysis of the {(1+1)} evolutionary algorithm},
  journal   = {Theor. Comput. Sci.},
  volume    = {276},
  number    = {1-2},
  pages     = {51--81},
  year      = {2002},
  langid    = {english}

}
@article{jansen-rsh-fixed,
  author    = {Thomas Jansen and
               Christine Zarges},
  title     = {Performance analysis of randomised search heuristics operating with
               a fixed budget},
  journal   = {Theor. Comput. Sci.},
  volume    = {545},
  pages     = {39--58},
  year      = {2014},
  langid    = {english}
}

@inproceedings{budget,
    author    = {Jansen, Thomas and Zarges, Christine},
    title     = {Fixed Budget Computations: A Different Perspective on Run Time Analysis},
    booktitle = {Proceedings of the 14th Annual Conference on Genetic and Evolutionary Computation},
    series    = {GECCO '12},
    year      = {2012},
    pages     = {1325--1332},
    langid    = {english}
} 

@book{memetic-handbook,
  editor    = {Ferrante Neri and
               Carlos Cotta and
               Pablo Moscato},
  title     = {Handbook of Memetic Algorithms},
  series    = {Studies in Computational Intelligence},
  volume    = {379},
  publisher = {Springer},
  year      = {2012},
  langid    = {english}
}

@incollection{self-adaptative-memetic,
  author    = {James E. Smith},
  title     = {Self-adaptative and Coevolving Memetic Algorithms},
  booktitle = {Handbook of Memetic Algorithms},
  pages     = {167--188},
  year      = {2012},
  langid    = {english}
}

@article{classification-adaptative-memetic,
  author    = {Yew{-}Soon Ong and
               Meng{-}Hiot Lim and
               Ning Zhu and
               Kok Wai Wong},
  title     = {Classification of adaptive memetic algorithms: a comparative study},
  journal   = {{IEEE} Transactions on Systems, Man, and Cybernetics, Part {B}},
  volume    = {36},
  number    = {1},
  pages     = {141--152},
  year      = {2006},
  langid    = {english}
}

@article{hyper-heuristics,
  author    = {Edmund K. Burke and
               Michel Gendreau and
               Matthew R. Hyde and
               Graham Kendall and
               Gabriela Ochoa and
               Ender {\"{O}}zcan and
               Rong Qu},
  title     = {Hyper-heuristics: a survey of the state of the art},
  journal   = {{JORS}},
  volume    = {64},
  number    = {12},
  pages     = {1695--1724},
  year      = {2013},
  langid    = {english}
}

@inproceedings{utree,
 author = {Uther, William T. B. and Veloso, Manuela M.},
 title = {Tree Based Discretization for Continuous State Space Reinforcement Learning},
 booktitle = {Proceedings of the Fifteenth National/Tenth Conference on Artificial Intelligence/Innovative Applications of Artificial Intelligence},
 series = {AAAI '98/IAAI '98},
 year = {1998},
 location = {Madison, Wisconsin, USA},
 pages = {769--774},
 address = {Menlo Park, CA, USA},
} 

@inproceedings{karafotias-2012,
 author = {Karafotias, Giorgos and Smit, S. K. and Eiben, A. E.},
 title = {A Generic Approach to Parameter Control},
 booktitle = {Proceedings of the 2012T European Conference on Applications of Evolutionary Computation},
 series = {EvoApplications'12},
 year = {2012},
 isbn = {978-3-642-29177-7},
 location = {Spain},
 pages = {366--375},
 numpages = {10},
 url = {http://dx.doi.org/10.1007/978-3-642-29178-4_37},
 doi = {10.1007/978-3-642-29178-4_37},
 acmid = {2261533},
 publisher = {Springer-Verlag},
 address = {Berlin, Heidelberg},
} 

@inproceedings{chen-2005,
  title={{S}{C}{G}{A}: Controlling genetic algorithms with Sarsa (0)},
  author={Chen, Fei and Gao, Yang and Chen, Zhao-qian and Chen, Shi-fu},
  booktitle={Computational Intelligence for Modelling, Control and Automation, 2005 and International Conference on Intelligent Agents, Web Technologies and Internet Commerce, International Conference on},
  volume={1},
  pages={1177--1183},
  year={2005},
  organization={IEEE}
}

@online{adjust-gecco-full,
    author      = {Arkady Rost and Irina Petrova and Arina Buzdalova},
    title       = {Adaptive Parameter Selection in Evolutionary Algorithms by Reinforcement Learning with Dynamic Discretization of Parameter Range},
    url         = {http://arxiv.org/abs/1603.06788},
    howpublished= {http://arxiv.org/abs/1603.06788},
    year        = {2016},
    langid      = {english}
}

@incollection{semo,
 author = {Laumanns, Marco and Thiele, Lothar and Zitzler, Eckart and Welzl, Emo and Deb, Kalyanmoy},
 title = {Running Time Analysis of Multi-objective Evolutionary Algorithms on a Simple Discrete Optimization Problem},
 booktitle = {Proceedings of the 7th International Conference on Parallel Problem Solving from Nature},
 series = {Lecture Notes in Computer Science},
 number = {2439},
 year = {2002},
 isbn = {3-540-44139-5},
 pages = {44--53},
 numpages = {10},
 url = {http://dl.acm.org/citation.cfm?id=645826.669597},
 acmid = {669597},
 publisher = {Springer-Verlag},
 address = {London, UK, UK},
} 

@article{lochtefeld15,
  author    = {Darrell F. Lochtefeld and
               Frank W. Ciarallo},
  title     = {Multi-objectivization Via Decomposition: An analysis of helper-objectives
               and complete decomposition},
  journal   = {European Journal of Operational Research},
  volume    = {243},
  number    = {2},
  pages     = {395--404},
  year      = {2015},
  url       = {http://dx.doi.org/10.1016/j.ejor.2014.11.041},
  doi       = {10.1016/j.ejor.2014.11.041},
  timestamp = {Sat, 21 Mar 2015 17:20:39 +0100},
  biburl    = {http://dblp.uni-trier.de/rec/bib/journals/eor/LochtefeldC15},
  bibsource = {dblp computer science bibliography, http://dblp.org}
}

@book{augerdoerr,
 author = {Auger, Anne and Doerr, Benjamin},
 title = {Theory of Randomized Search Heuristics: Foundations and Recent Developments},
 year = {2011},
 publisher = {World Scientific Publishing Co., Inc.},
 address = {River Edge, NJ, USA},
 langid = {english}
} 

@inproceedings{memetic-VDS,
  author    = {Dirk Sudholt},
  title     = {Memetic algorithms with variable-depth search to overcome local optima},
  booktitle = {Genetic and Evolutionary Computation Conference, {GECCO} 2008, Proceedings,
               Atlanta, GA, USA, July 12-16, 2008},
  pages     = {787--794},
  year      = {2008}
}

@inproceedings{ma-bandits,
  author    = {{\'{A}}lvaro Fialho and
               Lu{\'{\i}}s Da Costa and
               Marc Schoenauer and
               Mich{\`{e}}le Sebag},
  title     = {Dynamic Multi-Armed Bandits and Extreme Value-Based Rewards for Adaptive
               Operator Selection in Evolutionary Algorithms},
  booktitle = {Learning and Intelligent Optimization, Third International Conference,
               {LION} 3, Trento, Italy, January 14-18, 2009. Selected Papers},
  pages     = {176--190},
  year      = {2009}
}

@article{bandit-adaptive,
  author    = {{\'{A}}lvaro Fialho and
               Lu{\'{\i}}s Da Costa and
               Marc Schoenauer and
               Mich{\`{e}}le Sebag},
  title     = {Analyzing bandit-based adaptive operator selection mechanisms},
  journal   = {Ann. Math. Artif. Intell.},
  volume    = {60},
  number    = {1-2},
  pages     = {25--64},
  year      = {2010}
}

@article{timmis-ais,
  author    = {Jon Timmis and
               Mark James Neal},
  title     = {A resource limited artificial immune system for data analysis},
  journal   = {Knowl.-Based Syst.},
  volume    = {14},
  number    = {3-4},
  pages     = {121--130},
  year      = {2001}
}

@inproceedings{bca-marcov,
  author    = {Edward Clark and
               Andrew Hone and
               Jon Timmis},
  title     = {A Markov Chain Model of the B-Cell Algorithm},
  booktitle = {Artificial Immune Systems: 4th International Conference, {ICARIS}
               2005, Banff, Alberta, Canada, August 14-17, 2005, Proceedings},
  pages     = {318--330},
  year      = {2005},

}

@inproceedings{func-chm,
  author    = {Thomas Jansen and
               Christine Zarges},
  title     = {A Theoretical Analysis of Immune Inspired Somatic Contiguous Hypermutations
               for Function Optimization},
  booktitle = {Artificial Immune Systems, 8th International Conference, {ICARIS}
               2009, York, UK, August 9-12, 2009. Proceedings},
  pages     = {80--94},
  year      = {2009},

}

@article{analyzing-chm,
  author    = {Thomas Jansen and
               Christine Zarges},
  title     = {Analyzing different variants of immune inspired somatic contiguous
               hypermutations},
  journal   = {Theor. Comput. Sci.},
  volume    = {412},
  number    = {6},
  pages     = {517--533},
  year      = {2011},

}

@article{ais-data,
  author    = {Jon Timmis and
               Mark James Neal},
  title     = {A resource limited artificial immune system for data analysis},
  journal   = {Knowl.-Based Syst.},
  volume    = {14},
  number    = {3-4},
  pages     = {121--130},
  year      = {2001},

}

@article {belousov,
    author      = "Belousov, O and Ivanov, S",
    title       = "Fuzzy control system for the gas boiler",
    journal     = "Industrial control systems and controllers",
    number      = "1",
    year        = "2011",
    pages       = "20-24",
    langid      = {english}
}

@misc{Frieze97greedyalgorithms,
    author      = {Alan Frieze and Wojciech Szpankowski},
    title       = {Greedy Algorithms For The Shortest Common Superstring That Are Asymptotically Optimal},
    year        = {1997},
	langid      = {english}
}

@article{linear-approximation,
    author      = {Avrim Blum and Tao Jiang and Ming Li and John Tromp and Mihalis Yannakakis},
    title       = {Linear Approximation of Shortest Superstrings},
    year        = {1994},
    journal     = {Journal of the ACM},
    volume      = {41},
    pages       = {630--647},
	langid      = {english}
}

@article{gallant-scs-is-np-hard,
    author      = {J. Gallant and D. Maier and J. A. Storer},
    title       = {On Finding Minimal Length Superstrings},
    year        = {1980},
    journal     = {Journal on Computer and System Sciences},
    volume      = {20},
    pages       = {50--58},
	langid      = {english}
}

@book{green-book,
    author      = {B\"{o}ckenhauer, Hans-Joachim and Bongartz, Dirk},
    title       = {Algorithmic Aspects of Bioinformatics (Natural Computing Series)},
    publisher   = {Springer},
    year        = {2007},
    pages       = {395},
	langid      = {english}
}

@article{kaplan-shafrir,
    author      = {Kaplan, Haim and Shafrir, Nira},
    title       = {The greedy algorithm for shortest superstrings},
    journal     = {Information Processing Letters},
    volume      = {93},
    year        = {2005},
    pages       = {13--17},
	langid      = {english}
} 

@article{why-greed-works,
    author      = {Bin Ma},
    title       = {Why Greed Works for Shortest Common Superstring Problem},
    journal     = {Combinatorial Pattern Matching. Lecture Notes in Computer Science},
    volume      = {5029},
    year        = {2008},
    pages       = {244-254},
	langid      = {english}
}

@book{ xp,
    author     = {Kent Beck},
    publisher  = {Addison-Wesley Professional},
    title      = {{Extreme Programming Explained: Embrace Change}},
    year       = 1999,
    langid     = {english}
} 

@article{shalyto-control,
    author     = {Anatoly Shalyto},
    title      = {Logic Control and Reactive Systems: Algorithmization and Programming},
    journal    = {Automation and Remote Control},
    volume     = {62},
    number     = {1},
    pages      = {1--29},
    year       = {2001},
	langid     = {english}
}

@article{gurov-mazin,
    author     = {V. Gurov and M. Mazin and A. Narvsky and A. Shalyto},
    title      = {Tools for Support of Automata-based Programming},
    journal    = {Programming and Computer Software},
    volume     = {33},
    number     = {6},
    pages      = {343--355},
    year       = {2007},
	langid     = {english}
}

@inproceedings{danilov,
    author     = {V. Danilov and A. Shalyto},
    title      = {Genetic Programming Method for Induction of Finite State Machines Represented as Decision Trees},
    booktitle  = {Proceedings of XI International Conference on Soft Computations and Measurements},
    year       = {2008},
    pages      = {248--251},
	langid     = {english}
}

@article{tsp,
    author     = {Larra\~{n}aga, P. and Kuijpers, C. M. H. and Murga, R. H. and Inza, I. and Dizdarevic, S.},
    title      = {Genetic Algorithms for the Travelling Salesman Problem: A Review of Representations and Operators},
    journal    = {Artif. Intell. Rev.},
    volume     = {13},
    number     = {2},
    month      = apr,
    year       = {1999},
    pages      = {129--170},
    publisher  = {Kluwer Academic Publishers},
    address    = {Norwell, MA, USA},
    langid     = {english}	
} 

@misc{2002-StateFlow-Holzmann,
    author     = {Paula J. Pingree and Erich Mikk and Gerard J. Holzmann and Margaret H. Smith and Dennis Dams},
    title      = {Validation of Mission Critical Software Design and Implementation using Model Checking},
    year       = {2002},
    pages      = {12},
    url        = {http://spinroot.com/gerard/pdf/02-1911.pdf},
	langid     = {english}
}

@article{spin,
    author     = {Holzmann, G.J.},
    journal    = {IEEE Transactions on Software Engineering},
    title      = {The model checker {SPIN}},
    year       = {1997},
    month      = {May},
    volume     = {23},
    number     = {5},
    pages      = {279-295},
	langid     = {english}
}

@article{vyatkin-survey-approach,
    author     = {Chia-Han Yang and Valeriy Vyatkin and Cheng Pang},
    title      = {Model-driven Development of Control Software for Distributed Automation: a Survey and an Approach},
    journal    = {IEEE Transactions on Systems, Man and Cybernetics},
    year       = {2014},
    volume     = {44},
    number     = {3},
    pages      = {292-305},
    langid     = {english}
}

@inproceedings{Nallaperuma:2013:FCL:2460239.2460253,
 author = {Nallaperuma, Samadhi and Wagner, Markus and Neumann, Frank and Bischl, Bernd and Mersmann, Olaf and Trautmann, Heike},
 title = {A Feature-based Comparison of Local Search and the Christofides Algorithm for the Travelling Salesperson Problem},
 booktitle = {Proceedings of the Twelfth Workshop on Foundations of Genetic Algorithms XII},
 series = {FOGA XII '13},
 year = {2013},
 isbn = {978-1-4503-1990-4},
 location = {Adelaide, Australia},
 pages = {147--160},
 numpages = {14},
 url = {http://doi.acm.org/10.1145/2460239.2460253},
 doi = {10.1145/2460239.2460253},
 acmid = {2460253},
 publisher = {ACM},
 address = {New York, NY, USA},
 keywords = {approximation algorithms, classification, feature selection, local search, prediction, traveling salesperson problem},
langid={english}
} 

@Inbook{Kotthoff2015,
author="Kotthoff, Lars
and Kerschke, Pascal
and Hoos, Holger
and Trautmann, Heike",
editor="Dhaenens, Clarisse
and Jourdan, Laetitia
and Marmion, Marie-El{\'e}onore",
title="Improving the State of the Art in Inexact TSP Solving Using Per-Instance Algorithm Selection",
bookTitle="Learning and Intelligent Optimization: 9th International Conference, LION 9, Lille, France, January 12-15, 2015. Revised Selected Papers",
year="2015",
publisher="Springer International Publishing",
address="Cham",
pages="202--217",
isbn="978-3-319-19084-6",
doi="10.1007/978-3-319-19084-6_18",
url="http://dx.doi.org/10.1007/978-3-319-19084-6_18",
langid={english}
}

@Inbook{Mersmann2012,
author="Mersmann, Olaf
and Bischl, Bernd
and Bossek, Jakob
and Trautmann, Heike
and Wagner, Markus
and Neumann, Frank",
editor="Hamadi, Youssef
and Schoenauer, Marc",
title="Local Search and the Traveling Salesman Problem: A Feature-Based Characterization of Problem Hardness",
bookTitle="Learning and Intelligent Optimization: 6th International Conference, LION 6, Paris, France, January 16-20, 2012, Revised Selected Papers",
year="2012",
publisher="Springer Berlin Heidelberg",
address="Berlin, Heidelberg",
pages="115--129",
isbn="978-3-642-34413-8",
doi="10.1007/978-3-642-34413-8_9",
url="http://dx.doi.org/10.1007/978-3-642-34413-8_9",
langid={english}
}

@inproceedings{doerr2012reducing,
  title={Reducing the arity in unbiased black-box complexity},
  author={Doerr, Benjamin and Winzen, Carola},
  booktitle={Proceedings of the 14th annual conference on Genetic and evolutionary computation},
  pages={1309--1316},
  year={2012},
  organization={ACM},
  langid={english}
}

@article{DoerrDK16,
  author    = {Benjamin Doerr and
               Carola Doerr and
               Timo K{\"{o}}tzing},
  title     = {The Right Mutation Strength for Multi-Valued Decision Variables},
  journal   = {CoRR},
  volume    = {abs/1604.03277},
  year      = {2016},
  url       = {http://arxiv.org/abs/1604.03277},
  timestamp = {Mon, 02 May 2016 18:22:52 +0200},
  biburl    = {http://dblp.uni-trier.de/rec/bib/journals/corr/DoerrDK16},
  bibsource = {dblp computer science bibliography, http://dblp.org},
  langid={english}
}

@article{Qian2013semo,
 author = {Qian, Chao and Yu, Yang and Zhou, Zhi-Hua},
 title = {An Analysis on Recombination in Multi-objective Evolutionary Optimization},
 journal = {Artif. Intell.},
 volume = {204},
 year = {2013},
 pages = {99--119},
 url = {http://dx.doi.org/10.1016/j.artint.2013.09.002},
 doi = {10.1016/j.artint.2013.09.002},
 publisher = {Elsevier Science Publishers Ltd.},
  langid={english}
} 

@inproceedings{Qian2015constraints,
 author = {Qian, Chao and Yu, Yang and Zhou, Zhi-Hua},
 title = {Subset Selection by Pareto Optimization},
 booktitle = {Proceedings of the 28th International Conference on Neural Information Processing Systems},
 year = {2015},
 pages = {1774--1782},
 url = {http://dl.acm.org/citation.cfm?id=2969239.2969437},
 publisher = {MIT Press},
  langid={english}
} 

@article{Friedrich2010,
	Author = {Tobias Friedrich and Jun He and Nils Hebbinghaus and Frank Neumann and Carsten Witt},
	Journal = {Evolutionary Computation},
	Number = {4},
	DOI = {10.1162/EVCO_a_00003},
	Pages = {617-633},
	Publisher = {MIT Press},
	Title = {Approximating Covering Problems by Randomized Search Heuristics Using Multi-Objective Models},
	Volume = {18},
	Year = {2010},
	URL = {http://hpi.de/friedrich/docs/paper/ECJ2.pdf},
	langid = {english}
}

@inproceedings{ dang-et-al-diversity-mechanisms-jump,
    author      = {Duc-Cuong Dang and Tobias Friedrich and Timo K{\"o}tzing and Martin S. Krejca and Per Kristian Lehre and Pietro Simone Oliveto and Dirk Sudholt and Andrew M. Sutton},
    title       = {Escaping Local Optima with Diversity Mechanisms and Crossover},
    booktitle   = {Proceedings of Genetic and Evolutionary Computation Conference},
    year        = {2016},
    pages       = {645-652},
    langid      = {english}
}

@Article{Jansen2002,
    author	= {Jansen and Wegener},
    title	= {The Analysis of Evolutionary Algorithms---A Proof That Crossover Really Can Help},
    journal	= {Algorithmica},
    year	= {2002},
    volume	= {34},
    number	= {1},
    pages	= {47--66},
    issn	= {1432-0541},
    doi		= {10.1007/s00453-002-0940-2},
    url		= {http://dx.doi.org/10.1007/s00453-002-0940-2},
    langid  = {english}
}

@inproceedings{ petrova-mendel2016,
    author      = {Irina Petrova and Arina Buzdalova and Georgiy Korneev},
    title       = {Runtime analysis of random local search with reinforcement based selection of non-stationary auxiliary objectives: initial study},
    booktitle   = {Proceedings of 22nd International Conference on Soft Computing MENDEL 2016},
    address     = {Czech Republic},
    year        = {2016},
    pages       = {95-102},
    langid      = {english},
    keywords    = {labauthor:petrova, labauthor:buzdalova, index:scopus}
}

@article{ petrova-buzdalova-vestnik,
    author      = {Ирина Анатольевна Петрова and Арина Сергеевна Буздалова and Анатолий Абрамович Шалыто},
    title       = {Метод динамического выбора вспомогательных критериев в многокритериальных эволюционных алгоритмах},
    journal     = {Научно-технический вестник информационных технологий, механики и оптики},
    number      = {3(16)},
    year        = {2016},
    pages       = {460-466},
    langid      = {russian},
    keywords    = {labauthor:petrova, labauthor:buzdalova, index:vak}
}

@article{rsh-dynamic,                                                                           
  author    = {Thomas Jansen and Christine Zarges},                                 
  title     = {Analysis of Randomised Search Heuristics for Dynamic Optimisation},
  journal   = {Evolutionary Computation},                                                    
  volume    = {23},                                                                               
  number    = {4},                                                                                  
  pages     = {513--541},                                                                      
  year      = {2015}   
}                                                                                                                               
                                                                                          
@inproceedings{ea-ais-bistable,                                   
  author    = {Thomas Jansen and Christine Zarges},                                 
  title     = {Evolutionary algorithms and artificial immune systems on a bi-stable                                       
               dynamic optimisation problem},                                                              
  booktitle = {Genetic and Evolutionary Computation Conference, {GECCO'14}, Vancouver, BC, Canada, July 12-16, 2014},                                                          
  pages     = {975--982},                                         
  year      = {2014}
}                  

@article{ moea-d,
    author      = {Quingfu Zhang and Hui Li},
    title       = {{MOEA/D}: A Multiobjective Evolutionary Algorithm Based on Decomposition},
    journal     = {IEEE Transactions on Evolutionary Computation},
    year        = {2007},
    volume      = {11},
    number      = {6},
    pages       = {712-731},
    langid      = {english}
}

@inproceedings{ gecco-2016-emo-tutorial,
    author      = {Dimo Brockhoff and Tobias Wagner},
    title       = {GECCO 2016 Tutorial on Evolutionary Multiobjective Optimization},
    booktitle   = {Proceedings of Genetic and Evolutionary Computation Conference Companion},
    year        = {2016},
    pages       = {201-227},
    langid      = {english}
}

@inproceedings{buzdalovaPB-conflicting,
    author     = {Arina Buzdalova and Irina Petrova and Maxim Buzdalov},
    title      = {Runtime Analysis of Different Approaches to Select Conflicting Auxiliary Objectives in the Generalized OneMax Problem},
    booktitle  = {Proceedings of IEEE Symposium Series on Computational Intelligence},
    year       = {2016},
    pages      = {280--286},
    langid     = {english},
    keywords    = {labauthor:buzdalova, labauthor:petrova, labauthor:buzdalov, index:scopus}	
}

@inproceedings{ best-order-sort-gecco,
    author      = {Proteek Chandan Roy and Md. Monirul Islam and Kalyanmoy Deb},
    title       = {Best {O}rder {S}ort: A New Algorithm to Non-dominated Sorting for Evolutionary Multi-objective Optimization},
    booktitle   = {Proceedings of Genetic and Evolutionary Computation Conference Companion},
    year        = {2016},
    pages       = {1113-1120},
    langid      = {english}
}

@inproceedings{Doerr16,
    author      = {Benjamin Doerr},
    title       = {Optimal Parameter Settings for the $(1+(\lambda, \lambda))$ Genetic Algorithm},
    booktitle   = {Proceedings of Genetic and Evolutionary Computation Conference},
    publisher   = {ACM},
    pages       = {1107-1114},
    year        = {2016},
    note        = {Full version available at \url{http://arxiv.org/abs/1604.01088}},
    langid      = {english}
}

@article{bernstein1924,
    author      = {S.N. Bernstein},
    title       = {On a modification of {C}hebyshev's inequality and of the error formula of {L}aplace},
    journal     = {Ann. Sci. Inst. Sav. Ukraine, Sect. Math. 1},
    volume      = {4},
    number      = {5},
    year        = {1924},
    pages       = {38-49},
    langid      = {english}
}

@incollection{SuttonN14,
    author      = {Andrew M. Sutton and Frank Neumann},
    title       = {Runtime Analysis of Evolutionary Algorithms on Randomly Constructed High-Density Satisfiable 3-{CNF} Formulas},
    booktitle   = {Proceedings of Parallel Problem Solving from Nature},
    pages       = {942-951},
    year        = {2014},
    series      = {Lecture Notes in Computer Science},
    volume      = {8672},
    publisher   = {Springer},
    langid      = {english}
}

@incollection{Wegener02EvOpt,
    author      = {Ingo Wegener},
    title       = {Methods for the analysis of evolutionary algorithms on pseudo-{B}oolean functions},
    booktitle   = {Evolutionary Optimization},
    pages       = {349-369},
    publisher   = {Kluwer},
    year        = {2002},
    address     = {Dordrecht},
    editor      = {Sarker, S. and Yao, X. and Mohammadian, M.},
    langid      = {english}
}

@article{LehreW12,
    author      = {Per Kristian Lehre and Carsten Witt},
    title       = {Black-Box Search by Unbiased Variation},
    journal     = {Algorithmica},
    volume      = {64},
    number      = {4},
    pages       = {623--642},
    year        = {2012},
    langid      = {english}
}

@inproceedings{BadkobehLS15,
    author      = {Golnaz Badkobeh and Per Kristian Lehre and Dirk Sudholt},
    title       = {Black-box Complexity of Parallel Search with Distributed Populations},
    booktitle   = {Proceedings of Foundations of Genetic Algorithms},
    pages       = {3--15},
    publisher   = {ACM},
    year        = {2015},
    langid      = {english}
}

@online{ doerr-fast-ga-arxiv,
    year        = {2017},
    title       = {Fast Genetic Algorithms},
    author      = {Benjamin Doerr and Huu Phuoc Le and Régis Makhmara and Ta Duy Nguyen},
    url         = {http://arxiv.org/abs/1703.03334},
    langid      = {english}
}

@inproceedings{ doerr-fast-ga,
    year        = {2017},
    title       = {Fast Genetic Algorithms},
    author      = {Benjamin Doerr and Huu Phuoc Le and Régis Makhmara and Ta Duy Nguyen},
    langid      = {english},
    booktitle   = {Proceedings of Genetic and Evolutionary Computation Conference},
    doi	 	   = {10.1145/3071178.3071301},
    note        = {Full version available at \url{http://arxiv.org/abs/1703.03334}}
}


@article{ witt-linear-functions,
	author		= {Carsten Witt},
	title       = {Tight Bounds on the Optimization Time of a Randomized Search Heuristic on Linear Functions},
	journal		= {Combinatorics, Probability and Computing},
	volume		= {22},
	number		= {2},
	pages		= {294-318},
	year		= {2013},
	langid		= {english}
}

@inproceedings{ sudholt-crossover-speeds-up,
    author      = {Dirk Sudholt},
    title       = {Crossover speeds up building-block assembly},
    booktitle   = {Proceedings of Genetic and Evolutionary Computation Conference},
    year        = {2012},
    pages       = {689-696},
    langid      = {english}
}

@Manual{R:new,
    title = {R: A Language and Environment for Statistical Computing},
    author = {{R Core Team}},
    organization = {R Foundation for Statistical Computing},
    address = {Vienna, Austria},
    year = {2017},
    url = {https://www.R-project.org/}
}

@inproceedings{uppaal40, 
	author={G. Behrmann and A. David and K. G. Larsen and J. Hakansson and P. Petterson and Wang Yi and M. Hendriks}, 
	booktitle={Third International Conference on the Quantitative Evaluation of Systems - (QEST'06)}, 
	title={UPPAAL 4.0}, 
	year={2006}, 
	pages={125-126}, 
	keywords={Automata;Computer interfaces;Computer science;Data structures;Education;Graphical user interfaces;Information technology;Libraries;Real time systems;Usability}, 
	doi={10.1109/QEST.2006.59}, 
	month={Sept}
}

@book{iec61499,
  title={International Standard IEC 61499-1: Function Blocks~-- Part~1: Architecture, 2nd ed.},
  publisher={International Electrotechnical Commission},
  address={Geneva},
  year={2012}
}

@article{iec61499-strasser2012iec,
  title={The {IEC} 61499 function block standard: Launch and takeoff},
  author={Thomas Strasser and James H Christensen and Anna Valente and Julien Chouinard and Emanuele Carpanzano and Antonio Valentini and Horst Mayer and Valeriy Vyatkin and Alois Zoitl},
  year={2012}
}

@incollection{iec61499-factory,
  title={{IEC} 61499 in factory automation},
  author={Thramboulidis, Kleanthis},
  booktitle={Advances in Computer, Information, and Systems Sciences, and Engineering},
  pages={115--124},
  year={2006},
  publisher={Springer}
}
@inproceedings{iec61499-shoes,
  title={Applying the {IEC}-61499 model to the shoe manufacturing sector},
  author={Marco Colla and Alessandro Brusaferri and Emanuele Carpanzano},
  booktitle={11th IEEE Conference on Emerging Technologies and Factory Automation (ETFA 2006)},
  pages={1301--1308},
  year={2006},
  organization={IEEE}
}

@book{iec61131,
  title={International Standard IEC 61131-3: Programmable controllers~-- Part~3: Programming languages, 2nd ed.},
  publisher={International Electrotechnical Commission},
  address={Geneva},
  year={2003}
}

@book{hopcroft-automata-theory,
    author = {Hopcroft, John E. and Motwani, Rajeev and Ullman, Jeffrey D.},
    citeulike-article-id = {7013081},
    citeulike-linkout-0 = {http://www.worldcat.org/isbn/0321462254},
    day = {15},
    edition = {3},
    howpublished = {Hardcover},
    keywords = {2006, 9142c, languages-theory, model-theory-group},
    month = jul,
    posted-at = {2010-04-13 07:46:37},
    priority = {2},
    publisher = {Addison Wesley},
    title = {{Introduction to Automata Theory, Languages, and Computation (3rd Edition)}},
    url = {http://www.worldcat.org/isbn/0321462254},
    year = {2006}
}

@article{henzinger1994symbolic,
  title={Symbolic Model Checking for Real-Time Systems},
  author={Henzinger, Thomas A},
  journal={Information and Computation},
  volume={111},
  pages={193--244},
  year={1994}
}

@book{evolutionary-thomas,
 author = {B\"{a}ck, Thomas},
 title = {{Evolutionary Algorithms in Theory and Practice: Evolution Strategies, Evolutionary Programming, Genetic Algorithms}},
 year = {1996},
 isbn = {0-19-509971-0},
 publisher = {Oxford University Press},
 address = {Oxford, UK}
} 

@inproceedings{buzhinsky-coverage-testing, 
author={I. Buzhinsky and V. Ulyantsev and J. Veijalainen and V. Vyatkin}, 
booktitle={2015 IEEE 13th International Conference on Industrial Informatics (INDIN)}, 
title={Evolutionary approach to coverage testing of IEC 61499 function block applications}, 
year={2015}, 
pages={1213-1218}, 
keywords={IEC standards;control system synthesis;distributed control;evolutionary computation;industrial control;EvoSuite;FBDK;basic IEC 61499 function block;composite IEC 61499 function block;coverage test suites;coverage testing;distributed control system design;evolutionary approach;implementation coverage;industrial automation software;third-party tools;Automation;Evolutionary computation;IEC Standards;Java;Software;Unified modeling language}, 
doi={10.1109/INDIN.2015.7281908}, 
ISSN={1935-4576}, 
month={July}
}

@inproceedings{uppaal-hansel2011evolutionary,
  title={An evolutionary algorithm for the generation of timed test traces for embedded real-time systems},
  author={H{\"a}nsel, Joachim and Rose, Daniela and Herber, Paula and Glesner, Sabine},
  booktitle={Software Testing, Verification and Validation (ICST), 2011 IEEE Fourth International Conference on},
  pages={170--179},
  year={2011},
  organization={IEEE}
}

@inproceedings{buzhinsky-sb-fsm,
 author = {Buzhinsky, Igor and Ulyantsev, Vladimir and Tsarev, Fedor and Shalyto, Anatoly},
 title = {Search-based Construction of Finite-state Machines with Real-valued Actions: New Representation Model},
 booktitle = {Proceedings of the 15th Annual Conference Companion on Genetic and Evolutionary Computation},
 series = {GECCO '13 Companion},
 year = {2013},
 isbn = {978-1-4503-1964-5},
 location = {Amsterdam, The Netherlands},
 pages = {199--200},
 numpages = {2},
 url = {http://doi.acm.org/10.1145/2464576.2464678},
 doi = {10.1145/2464576.2464678},
 acmid = {2464678},
 publisher = {ACM},
 address = {New York, NY, USA},
 keywords = {ant colony optimization, finite-state machine, finite-state machine construction, genetic algorithms}
} 

@inproceedings{chivilikhin2015reconstruction,
  title={Reconstruction of function block logic using metaheuristic algorithm: Initial explorations},
  author={Chivilikhin, Daniil and Shalyto, Anatoly and Patil, Sandeep and Vyatkin, Valeriy},
  booktitle={Industrial Informatics (INDIN), 2015 IEEE 13th International Conference on},
  pages={1239--1242},
  year={2015},
  organization={IEEE}
}

@article{automation-software-dev, 
author={G. F. Hoffnagle and W. E. Beregi}, 
journal={IBM Systems Journal}, 
title={Automating the software development process}, 
year={1985}, 
volume={24}, 
number={2}, 
pages={102-120}, 
doi={10.1147/sj.242.0102}, 
ISSN={0018-8670}, 
month={}
}

@Manual{nxtStudio,
    title = {nxtSTUDIO},
    author = {{nxtControl}},
    organization = {nxtControl GmbH.},
    address = {Leobersdorf, Austria},
    year = {2017},
    url = {http://www.nxtcontrol.com/en/}
}

@misc{drozdov2015fb2smv,
  title={{FB2SMV}: {IEC 61499} Function blocks {XML} code to {SMV} converter},
  author={Drozdov, D},
  year={2015},
  url={https://github.com/dmitrydrozdov/fb2smv}
}

@article{nusmv,
  title={{NuSMV}: a new symbolic model checker},
  author={Cimatti, Alessandro and Clarke, Edmund and Giunchiglia, Fausto and Roveri, Marco},
  journal={International Journal on Software Tools for Technology Transfer},
  volume={2},
  number={4},
  pages={410--425},
  year={2000},
  publisher={Springer}
}

@article{vyatkin2013software,
  title={Software engineering in industrial automation: State-of-the-art review},
  author={Vyatkin, Valeriy},
  journal={IEEE Transactions on Industrial Informatics},
  volume={9},
  number={3},
  pages={1234--1249},
  year={2013},
  publisher={IEEE}
}
